,Time (EET),Ask,Bid,AskVolume,BidVolume
0,2024-01-02 00:00:20.059,140.903,140.843,0.9,0.9
1,2024-01-02 00:00:27.181,140.893,140.847,0.9,0.5
2,2024-01-02 00:00:47.693,140.892,140.847,0.9,0.5
3,2024-01-02 00:00:54.865,140.892,140.849,0.9,0.9
4,2024-01-02 00:00:58.576,140.892,140.852,0.9,0.5
5,2024-01-02 00:01:13.219,140.892,140.852,0.9,0.5
6,2024-01-02 00:02:58.052,140.891,140.85,0.9,0.5
7,2024-01-02 00:03:02.716,140.891,140.84,0.9,0.5
8,2024-01-02 00:05:59.129,140.891,140.841,0.9,1.2
9,2024-01-02 00:06:11.262,140.892,140.842,0.9,1.2
10,2024-01-02 00:10:02.849,140.892,140.848,0.9,1.35
11,2024-01-02 00:10:03.902,140.892,140.854,0.9,1.35
12,2024-01-02 00:10:13.137,140.892,140.859,0.9,1.35
13,2024-01-02 00:10:14.041,140.892,140.865,0.9,1.35
14,2024-01-02 00:10:15.496,140.892,140.871,0.9,1.35
15,2024-01-02 00:10:16.549,140.892,140.877,0.9,1.35
16,2024-01-02 00:11:16.551,140.892,140.842,0.9,1.5
17,2024-01-02 00:11:22.569,140.892,140.878,1.2,1.35
18,2024-01-02 00:11:26.179,140.892,140.88,1.2,1.35
19,2024-01-02 00:11:33.300,140.905,140.885,1.2,1.35
20,2024-01-02 00:11:39.318,140.892,140.877,1.2,0.27
21,2024-01-02 00:11:54.864,140.892,140.842,0.9,1.5
22,2024-01-02 00:14:05.709,140.891,140.842,0.9,0.5
23,2024-01-02 00:14:19.145,140.891,140.84,0.9,1.5
24,2024-01-02 00:14:49.599,140.892,140.84,0.9,2.1
25,2024-01-02 00:14:51.856,140.891,140.841,0.9,1.2
26,2024-01-02 00:14:55.367,140.892,140.839,0.9,1.2
27,2024-01-02 00:15:00.832,140.891,140.841,0.9,1.2
28,2024-01-02 00:15:44.861,140.892,140.842,0.9,1.2
29,2024-01-02 00:15:52.735,140.892,140.844,0.9,1.8
30,2024-01-02 00:16:03.115,140.893,140.844,0.9,2.7
31,2024-01-02 00:20:26.834,140.893,140.848,0.9,1.2
32,2024-01-02 00:20:27.035,140.893,140.844,0.9,1.2
33,2024-01-02 00:20:57.108,140.895,140.846,1.2,1.2
34,2024-01-02 00:21:01.473,140.894,140.845,0.9,1.2
35,2024-01-02 00:21:01.575,140.893,140.845,1.2,1.35
36,2024-01-02 00:21:04.692,140.893,140.844,0.9,1.6
37,2024-01-02 00:21:07.105,140.893,140.844,0.9,1.6
38,2024-01-02 00:21:08.110,140.893,140.844,0.9,1.6
39,2024-01-02 00:21:09.114,140.893,140.845,0.9,1.6
40,2024-01-02 00:21:13.675,140.893,140.845,0.9,1.2
41,2024-01-02 00:21:13.777,140.893,140.847,0.9,1.1
42,2024-01-02 00:21:14.831,140.893,140.848,0.9,1.72
43,2024-01-02 00:21:17.138,140.893,140.848,0.9,1.72
44,2024-01-02 00:21:19.144,140.893,140.848,0.9,1.72
45,2024-01-02 00:21:21.149,140.893,140.848,0.9,1.72
46,2024-01-02 00:21:22.152,140.893,140.848,0.9,1.72
47,2024-01-02 00:21:22.254,140.889,140.853,0.9,1.6
48,2024-01-02 00:21:23.160,140.889,140.853,0.9,1.72
49,2024-01-02 00:21:23.463,140.893,140.853,0.9,1.2
50,2024-01-02 00:21:23.514,140.893,140.845,0.9,1.6
51,2024-01-02 00:21:25.728,140.893,140.845,0.9,1.6
52,2024-01-02 00:21:30.150,140.893,140.851,0.9,1.6
53,2024-01-02 00:21:33.164,140.893,140.854,0.9,1.1
54,2024-01-02 00:21:33.668,140.889,140.854,0.9,1.1
55,2024-01-02 00:21:34.925,140.893,140.854,0.9,1.2
56,2024-01-02 00:21:35.026,140.893,140.844,0.9,1.6
57,2024-01-02 00:21:35.931,140.894,140.843,0.9,1.6
58,2024-01-02 00:21:44.912,140.893,140.853,0.9,1.1
59,2024-01-02 00:22:13.078,140.894,140.856,1.2,1.1
60,2024-01-02 00:22:14.035,140.893,140.858,1.2,1.72
61,2024-01-02 00:22:45.856,140.889,140.858,0.9,1.72
62,2024-01-02 00:22:46.309,140.889,140.857,0.9,1.6
63,2024-01-02 00:22:46.712,140.89,140.856,0.9,1.2
64,2024-01-02 00:22:46.814,140.889,140.85,0.9,1.1
65,2024-01-02 00:22:47.116,140.893,140.85,1.2,1.1
66,2024-01-02 00:22:47.167,140.893,140.849,1.2,1.8
67,2024-01-02 00:22:51.839,140.889,140.855,0.9,1.1
68,2024-01-02 00:22:53.045,140.893,140.855,1.2,1.1
69,2024-01-02 00:22:53.147,140.893,140.846,1.2,2.1
70,2024-01-02 00:22:53.650,140.889,140.846,0.9,2.1
71,2024-01-02 00:22:53.752,140.889,140.856,0.9,1.72
72,2024-01-02 00:22:54.907,140.893,140.856,1.2,1.1
73,2024-01-02 00:22:54.958,140.893,140.847,1.2,1.6
74,2024-01-02 00:23:03.247,140.894,140.846,1.2,1.6
75,2024-01-02 00:23:10.377,140.895,140.847,1.2,1.6
76,2024-01-02 00:23:11.384,140.895,140.85,1.2,1.6
77,2024-01-02 00:23:17.661,140.896,140.848,1.2,2.1
78,2024-01-02 00:23:19.871,140.896,140.849,1.2,2.1
79,2024-01-02 00:23:23.381,140.894,140.849,0.9,1.8
80,2024-01-02 00:23:23.432,140.894,140.849,0.9,2.47
81,2024-01-02 00:23:24.587,140.896,140.856,1.2,1.6
82,2024-01-02 00:23:24.689,140.896,140.849,1.2,1.6
83,2024-01-02 00:23:30.467,140.896,140.855,1.2,1.2
84,2024-01-02 00:23:30.970,140.896,140.855,1.2,1.6
85,2024-01-02 00:23:33.381,140.896,140.859,1.2,1.1
86,2024-01-02 00:23:46.532,140.896,140.85,1.2,1.6
87,2024-01-02 00:23:47.538,140.896,140.851,1.2,1.1
88,2024-01-02 00:23:48.593,140.896,140.849,1.2,3.22
89,2024-01-02 00:24:12.968,140.896,140.849,1.2,2.1
90,2024-01-02 00:24:23.448,140.896,140.857,1.2,1.1
91,2024-01-02 00:24:24.602,140.896,140.857,1.2,1.2
92,2024-01-02 00:24:24.653,140.896,140.849,1.2,2.1
93,2024-01-02 00:24:55.691,140.897,140.86,1.2,1.1
94,2024-01-02 00:25:02.813,140.897,140.85,1.2,1.2
95,2024-01-02 00:25:04.568,140.897,140.85,1.2,1.6
96,2024-01-02 00:25:14.448,140.897,140.86,1.2,1.1
97,2024-01-02 00:25:18.259,140.897,140.856,1.2,1.6
98,2024-01-02 00:25:47.314,140.898,140.854,1.2,1.6
99,2024-01-02 00:25:59.256,140.899,140.853,1.2,1.72
100,2024-01-02 00:26:10.697,140.898,140.854,1.2,1.2
101,2024-01-02 00:26:19.202,140.897,140.851,1.2,1.6
102,2024-01-02 00:26:19.504,140.9,140.857,1.2,1.6
103,2024-01-02 00:26:20.459,140.898,140.854,1.2,1.72
104,2024-01-02 00:26:20.510,140.898,140.854,1.2,1.2
105,2024-01-02 00:27:05.802,140.898,140.855,1.2,1.1
106,2024-01-02 00:27:06.807,140.898,140.856,1.2,1.1
107,2024-01-02 00:27:16.632,140.898,140.854,1.2,1.2
108,2024-01-02 00:27:25.119,140.898,140.855,1.2,1.1
109,2024-01-02 00:27:30.887,140.898,140.856,1.2,1.6
110,2024-01-02 00:27:37.907,140.898,140.856,1.2,1.72
111,2024-01-02 00:28:08.797,140.906,140.856,1.35,1.1
112,2024-01-02 00:28:08.849,140.905,140.854,0.9,1.8
113,2024-01-02 00:28:08.950,140.913,140.855,0.9,1.2
114,2024-01-02 00:28:09.905,140.912,140.855,0.9,1.2
115,2024-01-02 00:28:09.956,140.912,140.855,0.9,1.6
116,2024-01-02 00:28:10.912,140.911,140.854,0.9,2.1
117,2024-01-02 00:28:11.868,140.91,140.854,1.64,2.1
118,2024-01-02 00:28:11.970,140.906,140.854,0.14,2.1
119,2024-01-02 00:28:12.071,140.903,140.854,0.45,2.1
120,2024-01-02 00:28:12.979,140.9,140.854,0.9,2.1
121,2024-01-02 00:28:23.688,140.905,140.862,0.9,2.7
122,2024-01-02 00:28:23.739,140.904,140.86,0.9,1.8
123,2024-01-02 00:28:23.840,140.911,140.86,0.9,1.8
124,2024-01-02 00:28:24.644,140.911,140.854,0.9,2.1
125,2024-01-02 00:28:24.846,140.908,140.854,0.45,2.1
126,2024-01-02 00:28:25.301,140.924,140.897,0.45,1.2
127,2024-01-02 00:28:25.403,140.931,140.899,0.45,2.85
128,2024-01-02 00:28:25.504,141.002,140.899,1.1,1.6
129,2024-01-02 00:28:26.665,140.992,140.899,1.2,1.6
130,2024-01-02 00:28:27.169,140.992,140.931,1.2,0.9
131,2024-01-02 00:28:27.271,140.994,140.931,1.2,1.2
132,2024-01-02 00:28:29.380,140.997,140.924,1.2,1.2
133,2024-01-02 00:28:29.431,140.995,140.923,1.2,0.9
134,2024-01-02 00:28:29.482,140.994,140.899,1.6,1.6
135,2024-01-02 00:28:30.488,140.992,140.899,1.1,1.6
136,2024-01-02 00:28:30.942,140.988,140.894,1.2,1.6
137,2024-01-02 00:28:30.993,140.992,140.894,1.35,0.9
138,2024-01-02 00:28:31.044,140.992,140.877,1.2,1.2
139,2024-01-02 00:28:35.367,140.989,140.877,1.2,1.2
140,2024-01-02 00:28:39.448,140.988,140.871,1.8,1.1
141,2024-01-02 00:28:39.500,140.988,140.867,1.8,2.47
142,2024-01-02 00:28:44.924,140.991,140.869,1.2,1.6
143,2024-01-02 00:28:44.975,140.989,140.869,1.2,1.6
144,2024-01-02 00:28:46.382,140.99,140.898,1.6,1.2
145,2024-01-02 00:28:46.483,140.986,140.899,1.2,1.6
146,2024-01-02 00:28:48.244,140.986,140.908,1.2,1.2
147,2024-01-02 00:28:48.345,140.986,140.908,1.1,1.2
148,2024-01-02 00:28:48.799,140.986,140.908,1.1,1.6
149,2024-01-02 00:28:51.314,140.986,140.92,1.1,1.2
150,2024-01-02 00:28:51.466,140.99,140.92,1.72,1.2
151,2024-01-02 00:28:52.069,140.99,140.92,1.8,1.2
152,2024-01-02 00:28:52.171,140.99,140.914,1.72,1.6
153,2024-01-02 00:28:52.725,140.986,140.904,1.1,1.6
154,2024-01-02 00:28:52.826,140.986,140.901,1.2,1.6
155,2024-01-02 00:28:53.280,140.986,140.894,1.2,1.1
156,2024-01-02 00:28:53.331,140.985,140.894,1.8,0.9
157,2024-01-02 00:28:53.432,140.985,140.889,1.8,1.2
158,2024-01-02 00:28:53.533,140.985,140.869,1.8,2.85
159,2024-01-02 00:28:53.886,140.986,140.88,1.2,0.45
160,2024-01-02 00:28:53.938,140.986,140.864,1.2,1.2
161,2024-01-02 00:28:54.039,140.986,140.859,1.2,2.1
162,2024-01-02 00:28:58.360,140.988,140.872,1.35,1.2
163,2024-01-02 00:28:58.461,140.986,140.872,1.2,2.25
164,2024-01-02 00:28:59.114,140.986,140.872,1.2,2.47
165,2024-01-02 00:29:11.450,140.985,140.872,1.2,1.6
166,2024-01-02 00:29:30.312,140.989,140.874,2.1,1.6
167,2024-01-02 00:29:33.121,140.987,140.873,1.2,1.72
168,2024-01-02 00:29:35.428,140.988,140.874,1.35,1.6
169,2024-01-02 00:29:40.844,140.986,140.877,1.2,1.35
170,2024-01-02 00:29:41.146,140.986,140.877,1.2,1.6
171,2024-01-02 00:29:42.602,140.986,140.876,1.2,1.6
172,2024-01-02 00:29:46.110,140.987,140.874,1.35,2.1
173,2024-01-02 00:29:46.461,140.987,140.874,1.6,2.1
174,2024-01-02 00:29:47.164,140.987,140.874,1.6,2.1
175,2024-01-02 00:29:48.168,140.987,140.874,1.35,2.1
176,2024-01-02 00:29:54.332,140.987,140.874,1.6,3.6
177,2024-01-02 00:29:58.343,140.987,140.874,1.6,3.6
178,2024-01-02 00:30:02.157,140.987,140.874,1.6,3.6
179,2024-01-02 00:30:09.224,140.987,140.874,1.6,3.6
180,2024-01-02 00:30:44.574,140.99,140.887,2.1,1.2
181,2024-01-02 00:30:45.278,140.989,140.886,2.1,1.6
182,2024-01-02 00:30:47.992,140.981,140.888,1.2,1.6
183,2024-01-02 00:30:48.194,140.977,140.888,1.1,1.2
184,2024-01-02 00:30:55.276,140.98,140.887,1.6,2.1
185,2024-01-02 00:30:56.984,140.977,140.888,1.1,2.1
186,2024-01-02 00:31:04.055,140.977,140.888,1.1,2.1
187,2024-01-02 00:31:34.415,140.974,140.888,1.2,2.1
188,2024-01-02 00:31:46.649,140.977,140.888,1.6,2.1
189,2024-01-02 00:32:04.097,140.977,140.888,1.2,1.8
190,2024-01-02 00:32:13.152,140.979,140.889,1.6,1.2
191,2024-01-02 00:32:20.733,140.976,140.888,1.2,1.2
192,2024-01-02 00:32:30.419,140.975,140.898,1.2,1.2
193,2024-01-02 00:32:30.521,140.975,140.899,1.2,1.2
194,2024-01-02 00:32:30.622,140.975,140.898,1.2,1.8
195,2024-01-02 00:32:31.426,140.975,140.894,1.2,1.2
196,2024-01-02 00:32:31.528,140.974,140.889,1.2,1.2
197,2024-01-02 00:34:03.140,140.978,140.89,2.1,1.2
198,2024-01-02 00:34:39.606,140.979,140.89,1.2,1.2
199,2024-01-02 00:34:41.964,140.978,140.89,1.8,1.2
200,2024-01-02 00:34:46.481,140.978,140.89,2.1,1.2
201,2024-01-02 00:34:58.123,140.979,140.891,1.6,1.2
202,2024-01-02 00:35:09.664,140.979,140.898,1.6,1.8
203,2024-01-02 00:35:09.766,140.976,140.897,1.2,1.8
204,2024-01-02 00:35:14.837,140.975,140.899,1.2,1.2
205,2024-01-02 00:35:48.064,140.976,140.899,1.35,1.2
206,2024-01-02 00:37:00.585,140.98,140.899,1.2,1.2
207,2024-01-02 00:37:56.336,140.982,140.899,1.8,1.2
208,2024-01-02 00:38:25.271,140.988,140.935,0.9,1.2
209,2024-01-02 00:38:25.423,140.988,140.943,1.35,2.1
210,2024-01-02 00:38:25.525,140.988,140.943,1.2,2.1
211,2024-01-02 00:38:27.288,140.989,140.941,1.2,2.1
212,2024-01-02 00:38:28.698,140.98,140.946,1.2,0.45
213,2024-01-02 00:38:28.800,140.981,140.946,1.6,0.45
214,2024-01-02 00:38:28.851,140.976,140.899,1.35,1.2
215,2024-01-02 00:38:30.662,140.976,140.895,1.35,0.45
216,2024-01-02 00:38:30.764,140.986,140.889,2.1,0.45
217,2024-01-02 00:38:30.865,140.99,140.859,2.1,1.2
218,2024-01-02 00:38:30.967,140.984,140.86,1.2,1.2
219,2024-01-02 00:38:32.024,140.984,140.945,1.2,0.9
220,2024-01-02 00:38:32.127,140.984,140.95,0.9,1.2
221,2024-01-02 00:38:32.228,141.002,140.95,1.2,1.2
222,2024-01-02 00:38:36.105,141.003,140.951,1.2,1.2
223,2024-01-02 00:38:40.473,141.003,140.955,1.2,1.2
224,2024-01-02 00:38:41.527,141.003,140.958,1.2,1.2
225,2024-01-02 00:38:42.331,140.997,140.955,1.2,1.2
226,2024-01-02 00:38:42.432,140.996,140.956,1.2,1.2
227,2024-01-02 00:38:43.437,140.993,140.959,1.2,1.2
228,2024-01-02 00:38:44.494,140.992,140.959,1.2,1.2
229,2024-01-02 00:38:45.499,140.992,140.96,1.2,1.2
230,2024-01-02 00:38:57.210,140.99,140.961,0.9,1.2
231,2024-01-02 00:39:01.635,140.988,140.956,1.2,0.9
232,2024-01-02 00:39:01.686,140.99,140.942,1.8,0.9
233,2024-01-02 00:39:01.737,140.984,140.873,1.2,0.9
234,2024-01-02 00:39:01.839,140.984,140.861,1.2,1.2
235,2024-01-02 00:39:01.940,140.984,140.86,1.2,1.2
236,2024-01-02 00:39:14.599,140.985,140.858,1.2,1.2
237,2024-01-02 00:39:21.581,140.971,140.858,1.2,1.2
238,2024-01-02 00:39:21.684,140.968,140.859,1.6,1.2
239,2024-01-02 00:39:37.852,140.966,140.861,1.6,1.8
240,2024-01-02 00:39:38.004,140.958,140.86,1.2,1.8
241,2024-01-02 00:39:38.106,140.958,140.861,1.2,1.8
242,2024-01-02 00:39:38.207,140.956,140.861,1.2,1.8
243,2024-01-02 00:39:40.470,140.957,140.859,1.8,1.8
244,2024-01-02 00:39:40.572,140.946,140.861,0.9,2.25
245,2024-01-02 00:39:40.673,140.947,140.861,0.9,2.25
246,2024-01-02 00:39:42.534,140.949,140.86,0.9,2.25
247,2024-01-02 00:39:43.441,140.947,140.861,0.9,2.25
248,2024-01-02 00:39:43.743,140.945,140.861,0.9,2.25
249,2024-01-02 00:39:53.993,140.944,140.859,0.9,2.1
250,2024-01-02 00:40:07.886,140.946,140.859,0.9,2.1
251,2024-01-02 00:40:43.840,140.946,140.859,1.2,2.1
252,2024-01-02 00:41:09.916,140.946,140.862,1.2,1.2
253,2024-01-02 00:41:10.920,140.946,140.86,1.2,2.1
254,2024-01-02 00:41:44.116,140.957,140.859,1.2,2.7
255,2024-01-02 00:42:00.165,140.957,140.861,1.2,1.8
256,2024-01-02 00:42:05.931,140.955,140.861,1.2,1.8
257,2024-01-02 00:42:12.000,140.955,140.859,1.2,1.8
258,2024-01-02 00:42:12.803,140.955,140.861,1.2,1.8
259,2024-01-02 00:42:15.762,140.948,140.861,1.2,2.25
260,2024-01-02 00:42:18.521,140.948,140.863,1.2,1.2
261,2024-01-02 00:42:18.622,140.941,140.863,0.9,1.2
262,2024-01-02 00:42:39.273,140.943,140.863,0.9,1.2
263,2024-01-02 00:42:40.228,140.945,140.863,1.2,1.2
264,2024-01-02 00:42:44.692,140.945,140.868,1.2,1.2
265,2024-01-02 00:42:44.894,140.943,140.868,0.9,1.2
266,2024-01-02 00:42:45.698,140.944,140.868,1.2,1.2
267,2024-01-02 00:42:47.959,140.941,140.868,1.2,1.8
268,2024-01-02 00:43:00.763,140.942,140.868,1.2,1.8
269,2024-01-02 00:43:15.677,140.942,140.869,1.2,1.2
270,2024-01-02 00:43:40.218,140.941,140.868,1.2,2.7
271,2024-01-02 00:44:40.265,140.951,140.868,1.2,1.8
272,2024-01-02 00:45:00.728,140.941,140.868,1.2,1.2
273,2024-01-02 00:45:01.633,140.941,140.875,1.2,1.2
274,2024-01-02 00:45:04.644,140.941,140.876,1.2,1.2
275,2024-01-02 00:45:15.688,140.938,140.876,0.9,1.2
276,2024-01-02 00:45:25.365,140.938,140.877,0.9,1.2
277,2024-01-02 00:45:25.567,140.938,140.878,0.9,1.2
278,2024-01-02 00:45:27.823,140.938,140.877,0.9,1.2
279,2024-01-02 00:46:00.671,140.938,140.882,0.9,0.9
280,2024-01-02 00:46:00.771,140.938,140.877,0.9,1.2
281,2024-01-02 00:46:01.625,140.937,140.877,0.9,1.2
282,2024-01-02 00:46:01.726,140.937,140.878,0.9,1.2
283,2024-01-02 00:46:16.267,140.937,140.875,0.9,1.2
284,2024-01-02 00:46:27.802,140.937,140.874,0.9,1.2
285,2024-01-02 00:46:30.062,140.939,140.874,1.2,1.2
286,2024-01-02 00:46:31.918,140.94,140.874,1.2,1.2
287,2024-01-02 00:47:14.840,140.94,140.873,1.2,1.2
288,2024-01-02 00:47:51.845,140.939,140.875,1.2,1.2
289,2024-01-02 00:47:55.504,140.94,140.873,1.2,1.2
290,2024-01-02 00:47:56.558,140.94,140.874,1.2,1.2
291,2024-01-02 00:48:19.616,140.942,140.878,1.2,0.9
292,2024-01-02 00:48:30.666,140.942,140.875,1.2,1.2
293,2024-01-02 00:48:30.768,140.942,140.873,1.2,1.2
294,2024-01-02 00:48:35.830,140.942,140.875,1.2,1.2
295,2024-01-02 00:49:08.822,140.939,140.875,1.2,1.2
296,2024-01-02 00:49:09.073,140.942,140.875,1.2,1.2
297,2024-01-02 00:49:30.710,140.942,140.874,1.2,1.2
298,2024-01-02 00:49:30.811,140.941,140.874,1.2,1.2
299,2024-01-02 00:49:34.427,140.941,140.877,1.2,0.9
300,2024-01-02 00:49:34.528,140.941,140.872,1.2,1.2
301,2024-01-02 00:49:34.630,140.941,140.871,1.2,1.2
302,2024-01-02 00:49:35.235,140.941,140.87,1.2,1.2
303,2024-01-02 00:49:41.610,140.941,140.871,1.2,1.2
304,2024-01-02 00:49:41.711,140.94,140.871,1.2,1.2
305,2024-01-02 00:49:42.113,140.941,140.871,1.2,1.2
306,2024-01-02 00:49:45.524,140.94,140.875,1.2,1.2
307,2024-01-02 00:49:46.678,140.941,140.875,1.2,1.2
308,2024-01-02 00:50:11.245,140.941,140.878,1.2,0.9
309,2024-01-02 00:50:11.747,140.942,140.874,1.2,1.2
310,2024-01-02 00:50:18.064,140.939,140.875,1.2,1.2
311,2024-01-02 00:50:18.165,140.941,140.875,1.2,1.2
312,2024-01-02 00:50:30.718,140.938,140.875,1.2,0.9
313,2024-01-02 00:50:32.375,140.933,140.874,0.45,0.9
314,2024-01-02 00:50:32.476,140.929,140.874,0.45,0.9
315,2024-01-02 00:50:32.679,140.928,140.874,0.9,0.9
316,2024-01-02 00:50:33.435,140.934,140.874,1.2,0.9
317,2024-01-02 00:50:38.250,140.934,140.876,1.2,0.9
318,2024-01-02 00:51:38.425,140.941,140.862,1.2,1.8
319,2024-01-02 00:51:51.113,140.942,140.859,1.2,1.2
320,2024-01-02 00:51:56.127,140.941,140.862,1.2,1.8
321,2024-01-02 00:52:25.462,140.941,140.861,1.2,1.2
322,2024-01-02 00:52:30.477,140.941,140.862,1.2,1.8
323,2024-01-02 00:52:30.834,140.934,140.865,1.2,1.2
324,2024-01-02 00:52:30.935,140.934,140.868,1.2,1.2
325,2024-01-02 00:52:33.395,140.934,140.865,1.2,1.2
326,2024-01-02 00:53:12.943,140.934,140.867,1.2,1.2
327,2024-01-02 00:53:13.044,140.934,140.865,1.2,1.2
328,2024-01-02 00:53:33.407,140.934,140.868,1.2,1.2
329,2024-01-02 00:54:24.628,140.934,140.865,1.2,1.2
330,2024-01-02 00:54:35.262,140.934,140.869,1.2,1.2
331,2024-01-02 00:54:53.531,140.935,140.864,1.2,1.8
332,2024-01-02 00:54:53.632,140.934,140.869,1.2,1.2
333,2024-01-02 00:55:00.804,140.934,140.865,1.2,1.8
334,2024-01-02 00:55:12.437,140.934,140.866,1.2,1.2
335,2024-01-02 00:55:15.648,140.934,140.87,1.2,1.2
336,2024-01-02 00:55:16.252,140.939,140.87,1.2,1.2
337,2024-01-02 00:55:16.555,140.937,140.869,1.2,1.2
338,2024-01-02 00:55:24.239,140.937,140.867,1.2,1.2
339,2024-01-02 00:55:25.294,140.937,140.869,1.2,1.2
340,2024-01-02 00:55:27.054,140.937,140.87,1.2,1.2
341,2024-01-02 00:55:29.817,140.937,140.866,1.2,1.8
342,2024-01-02 00:55:46.130,140.935,140.866,1.2,1.8
343,2024-01-02 00:55:46.331,140.937,140.866,1.2,1.8
344,2024-01-02 00:55:58.466,140.937,140.869,1.2,1.2
345,2024-01-02 00:56:01.776,140.937,140.866,1.2,1.6
346,2024-01-02 00:56:12.355,140.937,140.866,1.2,1.6
347,2024-01-02 00:56:16.317,140.938,140.869,1.2,1.35
348,2024-01-02 00:56:54.126,140.939,140.865,1.2,1.6
349,2024-01-02 00:57:07.281,140.938,140.876,1.2,1.2
350,2024-01-02 00:57:07.382,140.939,140.865,1.2,1.6
351,2024-01-02 00:57:07.483,140.938,140.866,1.2,1.2
352,2024-01-02 00:57:17.528,140.938,140.876,1.2,1.2
353,2024-01-02 00:57:34.155,140.938,140.875,1.2,1.2
354,2024-01-02 00:57:56.691,140.938,140.874,1.2,1.2
355,2024-01-02 00:58:08.825,140.938,140.875,1.2,0.9
356,2024-01-02 00:58:14.499,140.942,140.876,1.32,0.9
357,2024-01-02 00:58:14.601,140.946,140.877,1.2,0.9
358,2024-01-02 00:58:15.808,140.945,140.876,1.2,0.9
359,2024-01-02 00:58:18.071,140.945,140.876,1.2,0.9
360,2024-01-02 00:58:18.172,140.935,140.871,1.2,1.2
361,2024-01-02 00:58:22.084,140.894,140.871,0.45,2.7
362,2024-01-02 00:58:22.187,140.9,140.871,0.9,2.7
363,2024-01-02 00:58:22.288,140.903,140.868,0.9,0.9
364,2024-01-02 00:58:22.390,140.945,140.869,1.2,0.9
365,2024-01-02 00:58:23.246,140.947,140.871,2.7,4.5
366,2024-01-02 00:58:36.002,140.944,140.873,1.1,2.7
367,2024-01-02 00:58:36.104,140.945,140.875,1.6,1.2
368,2024-01-02 00:58:40.216,140.939,140.878,1.2,0.9
369,2024-01-02 00:58:40.317,140.938,140.878,1.2,0.9
370,2024-01-02 00:58:42.978,140.948,140.878,1.2,0.9
371,2024-01-02 00:58:44.489,140.938,140.878,1.2,0.9
372,2024-01-02 00:58:44.590,140.938,140.865,1.2,1.35
373,2024-01-02 00:58:45.645,140.933,140.882,0.9,0.9
374,2024-01-02 00:58:51.411,140.933,140.881,0.9,0.9
375,2024-01-02 00:58:51.512,140.936,140.88,1.2,0.9
376,2024-01-02 00:59:04.446,140.946,140.861,1.6,1.1
377,2024-01-02 00:59:04.848,140.934,140.868,0.9,1.2
378,2024-01-02 00:59:04.950,140.934,140.875,0.9,1.2
379,2024-01-02 00:59:05.905,140.936,140.877,1.2,0.9
380,2024-01-02 00:59:06.006,140.936,140.872,1.2,1.2
381,2024-01-02 00:59:07.966,140.936,140.871,1.2,1.2
382,2024-01-02 00:59:17.562,140.944,140.861,1.1,2.47
383,2024-01-02 00:59:18.165,140.936,140.873,1.2,1.2
384,2024-01-02 00:59:23.282,140.945,140.874,1.1,2.7
385,2024-01-02 00:59:26.040,140.936,140.876,1.2,1.2
386,2024-01-02 00:59:26.141,140.944,140.878,1.1,2.7
387,2024-01-02 00:59:27.196,140.944,140.871,1.1,1.2
388,2024-01-02 00:59:27.297,140.944,140.871,1.1,1.2
389,2024-01-02 00:59:33.693,140.944,140.87,1.1,1.2
390,2024-01-02 00:59:37.506,140.937,140.869,1.2,1.35
391,2024-01-02 00:59:37.607,140.936,140.869,1.2,1.35
392,2024-01-02 00:59:37.758,140.936,140.868,1.2,1.2
393,2024-01-02 00:59:46.493,140.936,140.873,1.2,1.2
394,2024-01-02 00:59:46.594,140.936,140.875,1.2,1.2
395,2024-01-02 00:59:51.207,140.936,140.876,1.2,1.2
396,2024-01-02 00:59:53.365,140.936,140.878,2.7,4.5
397,2024-01-02 00:59:59.382,140.932,140.875,0.9,0.9
398,2024-01-02 01:00:00.138,140.932,140.883,0.9,1.8
399,2024-01-02 01:00:00.190,140.945,140.879,2.25,1.8
400,2024-01-02 01:00:00.292,140.945,140.863,2.7,1.8
401,2024-01-02 01:00:00.594,140.945,140.868,1.2,1.8
402,2024-01-02 01:00:00.848,140.945,140.871,1.2,2.7
403,2024-01-02 01:00:00.900,140.949,140.872,1.6,1.35
404,2024-01-02 01:00:01.153,140.95,140.871,1.2,1.2
405,2024-01-02 01:00:01.306,140.95,140.872,3.6,1.2
406,2024-01-02 01:00:01.357,140.953,140.883,1.6,1.8
407,2024-01-02 01:00:01.510,140.957,140.89,2.1,1.8
408,2024-01-02 01:00:02.318,140.951,140.894,1.8,1.2
409,2024-01-02 01:00:02.369,140.955,140.895,1.2,1.8
410,2024-01-02 01:00:02.475,140.956,140.895,3.15,1.8
411,2024-01-02 01:00:02.729,140.956,140.895,2.47,1.8
412,2024-01-02 01:00:02.932,140.943,140.895,0.9,2.7
413,2024-01-02 01:00:03.235,140.954,140.895,2.1,1.8
414,2024-01-02 01:00:03.791,140.941,140.901,0.9,1.2
415,2024-01-02 01:00:04.094,140.94,140.901,0.9,1.2
416,2024-01-02 01:00:04.498,140.94,140.902,0.9,1.2
417,2024-01-02 01:00:04.802,140.938,140.901,0.9,1.2
418,2024-01-02 01:00:05.607,140.939,140.894,0.9,1.2
419,2024-01-02 01:00:05.911,140.938,140.901,0.9,1.2
420,2024-01-02 01:00:08.276,140.955,140.894,2.1,1.8
421,2024-01-02 01:00:10.641,140.938,140.902,0.9,1.2
422,2024-01-02 01:00:10.744,140.938,140.901,0.9,1.2
423,2024-01-02 01:00:10.845,140.943,140.901,1.2,1.2
424,2024-01-02 01:00:11.047,140.954,140.901,2.85,1.2
425,2024-01-02 01:00:11.400,140.943,140.901,1.2,1.2
426,2024-01-02 01:00:11.903,140.943,140.895,1.2,2.1
427,2024-01-02 01:00:12.910,140.943,140.901,1.2,1.2
428,2024-01-02 01:00:13.365,140.946,140.901,1.2,1.2
429,2024-01-02 01:00:13.868,140.944,140.9,1.2,1.2
430,2024-01-02 01:00:14.172,140.942,140.891,1.2,1.8
431,2024-01-02 01:00:14.274,140.934,140.89,0.9,1.2
432,2024-01-02 01:00:14.578,140.931,140.891,0.9,1.2
433,2024-01-02 01:00:14.680,140.932,140.891,0.9,1.2
434,2024-01-02 01:00:15.084,140.933,140.891,0.9,1.2
435,2024-01-02 01:00:15.489,140.933,140.885,0.9,1.2
436,2024-01-02 01:00:15.590,140.933,140.886,0.9,1.2
437,2024-01-02 01:00:16.295,140.932,140.888,2.7,0.9
438,2024-01-02 01:00:16.900,140.933,140.888,0.9,0.9
439,2024-01-02 01:00:17.002,140.935,140.889,4.5,2.7
440,2024-01-02 01:00:17.859,140.932,140.887,0.9,1.2
441,2024-01-02 01:00:18.788,140.933,140.886,0.9,0.9
442,2024-01-02 01:00:22.863,140.932,140.886,0.9,1.2
443,2024-01-02 01:00:22.965,140.932,140.885,1.2,1.2
444,2024-01-02 01:00:23.469,140.932,140.886,1.2,1.2
445,2024-01-02 01:00:25.431,140.932,140.883,1.2,2.25
446,2024-01-02 01:00:25.835,140.932,140.886,1.2,1.2
447,2024-01-02 01:00:31.872,140.932,140.893,1.2,1.8
448,2024-01-02 01:00:32.028,140.937,140.894,2.7,1.2
449,2024-01-02 01:00:32.733,140.937,140.893,2.7,2.7
450,2024-01-02 01:00:33.337,140.932,140.893,1.8,1.2
451,2024-01-02 01:00:33.439,140.932,140.888,1.8,2.1
452,2024-01-02 01:00:33.891,140.932,140.888,1.8,1.8
453,2024-01-02 01:00:37.514,140.925,140.888,1.8,1.2
454,2024-01-02 01:00:37.667,140.923,140.875,1.2,2.7
455,2024-01-02 01:00:38.777,140.925,140.871,1.8,1.8
456,2024-01-02 01:00:40.939,140.921,140.876,1.2,1.2
457,2024-01-02 01:00:41.243,140.921,140.875,1.2,1.2
458,2024-01-02 01:00:42.399,140.919,140.876,1.2,1.2
459,2024-01-02 01:00:44.962,140.925,140.871,1.8,1.8
460,2024-01-02 01:00:45.766,140.919,140.876,1.2,1.2
461,2024-01-02 01:00:48.327,140.92,140.876,1.2,1.2
462,2024-01-02 01:00:51.292,140.921,140.876,1.2,1.2
463,2024-01-02 01:01:00.490,140.918,140.878,1.2,1.2
464,2024-01-02 01:01:01.295,140.917,140.876,4.5,2.7
465,2024-01-02 01:01:02.400,140.922,140.876,1.2,1.2
466,2024-01-02 01:01:03.657,140.915,140.879,2.7,1.2
467,2024-01-02 01:01:04.815,140.916,140.879,1.2,1.2
468,2024-01-02 01:01:05.924,140.916,140.871,1.2,1.8
469,2024-01-02 01:01:06.730,140.916,140.879,1.2,1.2
470,2024-01-02 01:01:08.190,140.922,140.879,1.2,1.2
471,2024-01-02 01:01:09.851,140.925,140.879,2.25,1.2
472,2024-01-02 01:01:09.952,140.922,140.879,1.2,1.2
473,2024-01-02 01:01:10.054,140.917,140.877,1.2,1.2
474,2024-01-02 01:01:10.155,140.919,140.878,1.2,1.2
475,2024-01-02 01:01:10.459,140.923,140.88,1.2,1.2
476,2024-01-02 01:01:11.466,140.923,140.881,1.2,1.2
477,2024-01-02 01:01:12.271,140.923,140.876,1.2,1.2
478,2024-01-02 01:01:13.427,140.906,140.876,1.2,1.2
479,2024-01-02 01:01:13.530,140.905,140.861,1.8,1.8
480,2024-01-02 01:01:13.831,140.906,140.863,2.7,1.8
481,2024-01-02 01:01:14.134,140.905,140.861,1.8,3.6
482,2024-01-02 01:01:18.106,140.907,140.863,1.8,1.8
483,2024-01-02 01:01:30.575,140.909,140.871,3.15,1.8
484,2024-01-02 01:01:30.627,140.92,140.871,2.1,1.8
485,2024-01-02 01:01:30.728,140.92,140.871,1.8,4.5
486,2024-01-02 01:01:31.030,140.923,140.871,1.35,4.5
487,2024-01-02 01:01:35.353,140.924,140.876,1.2,1.2
488,2024-01-02 01:01:35.757,140.924,140.879,1.2,1.2
489,2024-01-02 01:01:35.859,140.924,140.878,1.2,1.2
490,2024-01-02 01:01:35.960,140.924,140.877,1.2,1.2
491,2024-01-02 01:01:37.069,140.924,140.874,1.2,1.2
492,2024-01-02 01:01:37.121,140.917,140.873,2.1,1.2
493,2024-01-02 01:01:37.273,140.91,140.866,1.2,1.2
494,2024-01-02 01:01:39.641,140.909,140.866,2.25,1.8
495,2024-01-02 01:01:40.245,140.906,140.864,1.2,1.8
496,2024-01-02 01:01:40.347,140.906,140.863,1.2,1.8
497,2024-01-02 01:01:40.450,140.904,140.863,1.2,1.8
498,2024-01-02 01:01:45.017,140.904,140.861,1.2,3.6
499,2024-01-02 01:01:45.621,140.902,140.862,1.2,1.2
500,2024-01-02 01:01:46.175,140.902,140.863,1.2,1.8
501,2024-01-02 01:01:48.088,140.903,140.863,1.2,2.7
502,2024-01-02 01:01:48.290,140.902,140.863,1.2,1.8
503,2024-01-02 01:01:49.497,140.886,140.862,2.22,1.2
504,2024-01-02 01:01:49.600,140.874,140.861,1.8,1.2
505,2024-01-02 01:01:49.702,140.873,140.861,1.8,1.8
506,2024-01-02 01:01:49.754,140.873,140.859,1.8,3.6
507,2024-01-02 01:01:49.858,140.876,140.859,1.8,1.2
508,2024-01-02 01:01:49.960,140.903,140.863,1.2,1.2
509,2024-01-02 01:01:50.162,140.902,140.863,1.2,1.2
510,2024-01-02 01:01:50.566,140.905,140.863,1.8,1.2
511,2024-01-02 01:01:51.273,140.902,140.863,1.2,1.2
512,2024-01-02 01:01:51.829,140.885,140.863,2.22,1.2
513,2024-01-02 01:01:51.932,140.873,140.863,2.7,1.2
514,2024-01-02 01:01:51.983,140.873,140.861,2.7,1.8
515,2024-01-02 01:01:54.251,140.872,140.859,1.8,5.85
516,2024-01-02 01:02:00.441,140.873,140.859,3.6,1.8
517,2024-01-02 01:02:01.247,140.872,140.862,3.6,1.1
518,2024-01-02 01:02:01.298,140.872,140.86,3.6,1.8
519,2024-01-02 01:02:09.439,140.873,140.862,4.5,1.8
520,2024-01-02 01:02:11.151,140.874,140.86,4.5,1.8
521,2024-01-02 01:02:11.455,140.873,140.86,3.6,1.8
522,2024-01-02 01:02:13.067,140.873,140.864,4.5,1.8
523,2024-01-02 01:02:13.470,140.873,140.864,1.8,3.6
524,2024-01-02 01:02:13.975,140.872,140.866,3.6,1.8
525,2024-01-02 01:02:15.686,140.873,140.865,1.2,1.8
526,2024-01-02 01:02:16.642,140.872,140.866,1.8,1.8
527,2024-01-02 01:02:17.145,140.873,140.864,4.5,1.8
528,2024-01-02 01:02:18.051,140.872,140.866,3.6,1.8
529,2024-01-02 01:02:25.844,140.872,140.865,1.2,1.8
530,2024-01-02 01:02:26.097,140.872,140.866,2.7,1.8
531,2024-01-02 01:02:32.881,140.874,140.869,1.25,1.8
532,2024-01-02 01:02:32.983,140.88,140.873,4.5,1.2
533,2024-01-02 01:02:33.086,140.88,140.869,1.2,1.2
534,2024-01-02 01:02:33.189,140.887,140.88,1.8,0.18
535,2024-01-02 01:02:33.291,140.896,140.881,1.2,0.18
536,2024-01-02 01:02:33.394,140.894,140.881,1.2,0.18
537,2024-01-02 01:02:33.495,140.899,140.88,3.6,0.18
538,2024-01-02 01:02:33.546,140.901,140.88,3.6,0.18
539,2024-01-02 01:02:33.598,140.892,140.881,1.2,0.18
540,2024-01-02 01:02:33.700,140.895,140.881,1.2,0.18
541,2024-01-02 01:02:33.802,140.894,140.881,1.2,0.18
542,2024-01-02 01:02:34.258,140.896,140.881,1.2,0.18
543,2024-01-02 01:02:34.461,140.901,140.88,1.2,0.18
544,2024-01-02 01:02:34.865,140.897,140.881,1.2,0.18
545,2024-01-02 01:02:35.369,140.899,140.87,1.2,1.74
546,2024-01-02 01:02:35.571,140.9,140.87,1.2,1.74
547,2024-01-02 01:02:37.082,140.898,140.87,1.2,1.74
548,2024-01-02 01:02:37.586,140.896,140.881,1.2,0.18
549,2024-01-02 01:02:37.890,140.884,140.88,1.8,0.18
550,2024-01-02 01:02:37.992,140.883,140.859,1.2,3.6
551,2024-01-02 01:02:38.245,140.882,140.86,3.6,1.8
552,2024-01-02 01:02:38.999,140.882,140.861,3.6,1.8
553,2024-01-02 01:02:40.710,140.882,140.86,3.6,1.8
554,2024-01-02 01:02:41.015,140.883,140.862,4.5,2.1
555,2024-01-02 01:02:41.118,140.882,140.86,3.6,1.71
556,2024-01-02 01:02:41.270,140.883,140.864,3.6,1.8
557,2024-01-02 01:02:44.487,140.881,140.865,1.2,1.8
558,2024-01-02 01:02:45.492,140.879,140.865,1.2,1.8
559,2024-01-02 01:02:46.448,140.878,140.865,1.2,3.6
560,2024-01-02 01:02:48.511,140.877,140.865,1.2,1.8
561,2024-01-02 01:02:54.796,140.876,140.865,1.2,1.8
562,2024-01-02 01:02:55.202,140.885,140.864,1.8,2.25
563,2024-01-02 01:02:55.304,140.891,140.862,1.8,2.7
564,2024-01-02 01:02:55.406,140.896,140.865,4.5,1.2
565,2024-01-02 01:02:56.012,140.9,140.865,4.5,1.2
566,2024-01-02 01:02:56.114,140.896,140.865,1.2,1.2
567,2024-01-02 01:02:56.217,140.9,140.872,1.2,1.8
568,2024-01-02 01:02:56.422,140.91,140.872,1.8,1.8
569,2024-01-02 01:02:57.127,140.914,140.87,1.8,2.7
570,2024-01-02 01:02:57.229,140.915,140.875,1.2,1.2
571,2024-01-02 01:02:57.331,140.915,140.874,1.2,1.2
572,2024-01-02 01:02:57.785,140.916,140.874,1.2,1.2
573,2024-01-02 01:02:57.938,140.917,140.877,3.6,1.2
574,2024-01-02 01:02:58.040,140.916,140.876,1.2,1.2
575,2024-01-02 01:02:58.142,140.917,140.877,3.6,1.2
576,2024-01-02 01:02:58.244,140.918,140.873,3.6,1.8
577,2024-01-02 01:02:58.296,140.906,140.871,1.8,3.6
578,2024-01-02 01:02:58.399,140.904,140.87,1.8,1.8
579,2024-01-02 01:02:58.450,140.903,140.868,1.8,3.6
580,2024-01-02 01:02:58.955,140.904,140.866,3.6,3.6
581,2024-01-02 01:02:59.058,140.903,140.866,1.2,1.8
582,2024-01-02 01:02:59.261,140.903,140.864,1.2,1.8
583,2024-01-02 01:02:59.362,140.902,140.864,1.2,1.8
584,2024-01-02 01:03:00.016,140.896,140.864,2.12,1.8
585,2024-01-02 01:03:00.119,140.882,140.863,3.6,1.2
586,2024-01-02 01:03:00.220,140.882,140.86,3.6,1.8
587,2024-01-02 01:03:01.532,140.885,140.863,1.8,1.8
588,2024-01-02 01:03:01.584,140.885,140.861,1.8,1.8
589,2024-01-02 01:03:01.635,140.898,140.863,1.2,2.7
590,2024-01-02 01:03:01.737,140.901,140.864,3.6,2.7
591,2024-01-02 01:03:01.889,140.904,140.864,5.4,2.7
592,2024-01-02 01:03:01.940,140.902,140.864,1.2,1.2
593,2024-01-02 01:03:04.204,140.904,140.861,3.6,1.8
594,2024-01-02 01:03:04.407,140.904,140.862,3.6,1.8
595,2024-01-02 01:03:04.508,140.9,140.865,1.2,1.2
596,2024-01-02 01:03:05.765,140.898,140.866,1.2,1.2
597,2024-01-02 01:03:09.046,140.896,140.867,1.2,1.2
598,2024-01-02 01:03:11.611,140.896,140.868,1.2,1.2
599,2024-01-02 01:03:11.915,140.896,140.865,1.2,1.2
600,2024-01-02 01:03:12.722,140.897,140.869,1.2,1.2
601,2024-01-02 01:03:14.281,140.898,140.869,1.2,1.2
602,2024-01-02 01:03:14.484,140.897,140.869,1.2,1.2
603,2024-01-02 01:03:16.649,140.897,140.865,1.2,1.2
604,2024-01-02 01:03:27.400,140.897,140.869,1.2,1.2
605,2024-01-02 01:03:28.354,140.896,140.869,1.2,1.2
606,2024-01-02 01:03:32.125,140.897,140.869,1.2,1.2
607,2024-01-02 01:03:41.870,140.898,140.869,1.2,1.2
608,2024-01-02 01:03:42.524,140.897,140.869,1.2,1.2
609,2024-01-02 01:03:42.928,140.896,140.869,1.2,1.2
610,2024-01-02 01:03:47.302,140.899,140.869,1.2,1.2
611,2024-01-02 01:03:48.261,140.899,140.868,1.2,1.2
612,2024-01-02 01:03:49.067,140.895,140.868,1.2,1.2
613,2024-01-02 01:03:49.169,140.899,140.867,1.2,1.2
614,2024-01-02 01:03:49.270,140.899,140.868,1.2,1.2
615,2024-01-02 01:03:49.874,140.899,140.869,1.2,2.7
616,2024-01-02 01:03:49.976,140.901,140.87,3.6,2.7
617,2024-01-02 01:03:50.731,140.902,140.87,3.6,2.7
618,2024-01-02 01:03:50.832,140.901,140.87,1.2,1.2
619,2024-01-02 01:03:52.542,140.899,140.872,1.2,1.2
620,2024-01-02 01:03:57.263,140.895,140.877,1.2,2.25
621,2024-01-02 01:03:57.366,140.893,140.877,1.8,1.8
622,2024-01-02 01:03:57.619,140.893,140.876,1.8,4.05
623,2024-01-02 01:03:57.771,140.894,140.876,4.5,2.25
624,2024-01-02 01:03:57.872,140.893,140.876,1.2,2.25
625,2024-01-02 01:03:58.224,140.893,140.878,1.2,1.8
626,2024-01-02 01:03:59.530,140.892,140.878,1.2,1.8
627,2024-01-02 01:04:01.391,140.894,140.877,4.5,1.8
628,2024-01-02 01:04:02.550,140.892,140.878,1.2,1.8
629,2024-01-02 01:04:03.458,140.894,140.877,1.2,1.8
630,2024-01-02 01:04:04.466,140.893,140.877,1.2,1.8
631,2024-01-02 01:04:05.423,140.894,140.877,2.7,1.8
632,2024-01-02 01:04:06.530,140.892,140.878,1.2,1.8
633,2024-01-02 01:04:07.436,140.893,140.878,4.5,1.8
634,2024-01-02 01:04:08.343,140.892,140.878,1.2,1.8
635,2024-01-02 01:04:09.352,140.893,140.878,4.5,1.8
636,2024-01-02 01:04:10.508,140.892,140.878,1.2,1.8
637,2024-01-02 01:04:12.068,140.894,140.877,4.5,1.8
638,2024-01-02 01:04:12.272,140.892,140.877,3.6,1.8
639,2024-01-02 01:04:13.431,140.888,140.877,1.2,1.8
640,2024-01-02 01:04:13.534,140.881,140.874,3.6,1.8
641,2024-01-02 01:04:13.585,140.881,140.869,3.6,2.1
642,2024-01-02 01:04:13.837,140.879,140.869,3.6,2.1
643,2024-01-02 01:04:13.989,140.881,140.869,4.5,2.1
644,2024-01-02 01:04:14.797,140.883,140.871,1.8,1.8
645,2024-01-02 01:04:17.719,140.884,140.871,3.6,1.8
646,2024-01-02 01:04:18.676,140.885,140.871,1.2,1.8
647,2024-01-02 01:04:18.829,140.884,140.871,1.8,1.8
648,2024-01-02 01:04:21.397,140.883,140.871,3.6,1.35
649,2024-01-02 01:04:21.902,140.884,140.871,3.6,1.8
650,2024-01-02 01:04:23.414,140.884,140.869,4.5,3.6
651,2024-01-02 01:04:23.517,140.884,140.871,3.6,1.35
652,2024-01-02 01:04:27.848,140.884,140.869,4.5,2.1
653,2024-01-02 01:04:32.723,140.885,140.873,1.2,3.6
654,2024-01-02 01:04:32.826,140.888,140.874,3.6,1.8
655,2024-01-02 01:04:32.979,140.887,140.873,2.25,4.95
656,2024-01-02 01:04:33.533,140.887,140.874,3.6,1.8
657,2024-01-02 01:04:35.900,140.888,140.876,4.05,1.8
658,2024-01-02 01:04:37.664,140.889,140.876,4.95,1.8
659,2024-01-02 01:04:37.766,140.889,140.877,1.8,1.8
660,2024-01-02 01:04:38.874,140.89,140.879,3.15,3.6
661,2024-01-02 01:04:39.029,140.89,140.877,1.8,1.8
662,2024-01-02 01:04:39.232,140.891,140.881,1.2,1.8
663,2024-01-02 01:04:39.283,140.891,140.877,1.2,2.25
664,2024-01-02 01:04:39.386,140.891,140.878,1.2,1.2
665,2024-01-02 01:04:39.487,140.892,140.877,1.2,1.8
666,2024-01-02 01:04:40.546,140.891,140.877,1.2,1.8
667,2024-01-02 01:04:45.622,140.893,140.876,4.5,1.8
668,2024-01-02 01:04:46.176,140.891,140.877,1.2,1.8
669,2024-01-02 01:04:50.498,140.892,140.877,4.5,1.8
670,2024-01-02 01:04:51.003,140.891,140.877,1.2,1.8
671,2024-01-02 01:04:55.326,140.893,140.876,4.5,1.8
672,2024-01-02 01:04:55.830,140.891,140.877,1.2,1.8
673,2024-01-02 01:05:06.536,140.892,140.877,2.7,3.6
674,2024-01-02 01:05:07.040,140.892,140.876,1.2,3.6
675,2024-01-02 01:05:17.629,140.891,140.876,1.2,1.8
676,2024-01-02 01:05:18.233,140.891,140.875,1.2,2.25
677,2024-01-02 01:05:21.445,140.891,140.876,1.2,1.8
678,2024-01-02 01:05:21.547,140.892,140.877,4.5,1.8
679,2024-01-02 01:05:24.414,140.893,140.877,4.5,1.8
680,2024-01-02 01:05:24.968,140.892,140.877,1.2,1.8
681,2024-01-02 01:05:25.371,140.891,140.877,1.2,1.8
682,2024-01-02 01:05:28.333,140.891,140.876,1.2,3.6
683,2024-01-02 01:05:28.936,140.891,140.877,1.2,1.8
684,2024-01-02 01:05:30.599,140.891,140.878,1.2,1.8
685,2024-01-02 01:05:41.745,140.891,140.877,1.2,3.6
686,2024-01-02 01:05:44.762,140.892,140.877,1.2,1.8
687,2024-01-02 01:05:51.895,140.892,140.875,4.5,2.47
688,2024-01-02 01:05:54.760,140.892,140.878,1.2,1.8
689,2024-01-02 01:06:03.701,140.892,140.875,4.5,2.47
690,2024-01-02 01:06:05.611,140.888,140.87,3.6,2.1
691,2024-01-02 01:06:05.714,140.883,140.87,1.2,2.1
692,2024-01-02 01:06:05.766,140.882,140.87,1.2,3.6
693,2024-01-02 01:06:05.868,140.883,140.87,1.8,1.8
694,2024-01-02 01:06:07.733,140.886,140.87,4.95,1.8
695,2024-01-02 01:06:07.937,140.886,140.87,3.6,1.8
696,2024-01-02 01:06:08.189,140.883,140.87,1.8,1.8
697,2024-01-02 01:06:11.870,140.885,140.872,4.5,1.8
698,2024-01-02 01:06:11.921,140.886,140.868,4.05,2.1
699,2024-01-02 01:06:12.528,140.884,140.868,1.2,2.1
700,2024-01-02 01:06:12.732,140.884,140.87,1.2,3.6
701,2024-01-02 01:06:12.835,140.882,140.868,1.2,1.35
702,2024-01-02 01:06:12.937,140.883,140.87,1.2,1.35
703,2024-01-02 01:06:13.443,140.884,140.87,1.2,1.35
704,2024-01-02 01:06:14.351,140.885,140.871,4.5,1.35
705,2024-01-02 01:06:14.854,140.884,140.871,1.2,1.35
706,2024-01-02 01:06:20.283,140.884,140.872,1.2,1.8
707,2024-01-02 01:06:20.387,140.884,140.873,1.2,3.6
708,2024-01-02 01:06:20.489,140.885,140.873,1.2,3.6
709,2024-01-02 01:06:20.942,140.887,140.872,1.2,3.6
710,2024-01-02 01:06:27.524,140.885,140.873,1.2,3.6
711,2024-01-02 01:06:27.829,140.885,140.872,1.2,4.05
712,2024-01-02 01:06:28.030,140.884,140.872,1.2,4.05
713,2024-01-02 01:06:28.235,140.883,140.87,4.5,3.6
714,2024-01-02 01:06:28.287,140.876,140.87,1.8,3.6
715,2024-01-02 01:06:28.339,140.878,140.865,2.7,1.8
716,2024-01-02 01:06:28.442,140.878,140.864,2.7,1.8
717,2024-01-02 01:06:28.646,140.879,140.864,1.8,3.6
718,2024-01-02 01:06:28.799,140.881,140.868,1.2,1.8
719,2024-01-02 01:06:28.901,140.882,140.87,1.8,1.8
720,2024-01-02 01:06:28.953,140.887,140.87,3.6,1.8
721,2024-01-02 01:06:29.105,140.888,140.87,4.5,1.8
722,2024-01-02 01:06:31.068,140.889,140.87,4.5,1.8
723,2024-01-02 01:06:31.271,140.889,140.868,4.5,3.15
724,2024-01-02 01:06:31.373,140.889,140.87,1.2,1.8
725,2024-01-02 01:06:32.599,140.889,140.869,4.5,1.35
726,2024-01-02 01:06:32.702,140.885,140.867,3.6,2.1
727,2024-01-02 01:06:32.906,140.885,140.867,3.6,2.52
728,2024-01-02 01:06:33.016,140.884,140.868,1.8,2.1
729,2024-01-02 01:06:33.270,140.885,140.868,3.6,2.1
730,2024-01-02 01:06:33.372,140.885,140.868,3.6,2.1
731,2024-01-02 01:06:33.423,140.885,140.868,3.6,2.1
732,2024-01-02 01:06:34.429,140.885,140.868,3.6,2.1
733,2024-01-02 01:06:37.546,140.88,140.868,1.8,2.1
734,2024-01-02 01:06:37.649,140.878,140.865,3.6,2.1
735,2024-01-02 01:06:37.701,140.879,140.869,3.6,1.8
736,2024-01-02 01:06:37.804,140.88,140.868,3.6,1.35
737,2024-01-02 01:06:38.107,140.879,140.864,3.6,1.86
738,2024-01-02 01:06:38.210,140.879,140.867,3.6,1.35
739,2024-01-02 01:06:38.312,140.876,140.867,3.6,1.35
740,2024-01-02 01:06:38.465,140.88,140.866,1.8,1.35
741,2024-01-02 01:06:38.516,140.879,140.87,1.8,1.2
742,2024-01-02 01:06:38.618,140.881,140.869,3.6,1.2
743,2024-01-02 01:06:38.821,140.88,140.864,4.5,1.8
744,2024-01-02 01:06:39.376,140.881,140.865,1.35,1.89
745,2024-01-02 01:06:39.427,140.884,140.869,1.8,1.2
746,2024-01-02 01:06:39.530,140.885,140.87,3.6,1.2
747,2024-01-02 01:06:39.934,140.886,140.87,3.6,1.2
748,2024-01-02 01:06:40.542,140.886,140.871,3.6,1.2
749,2024-01-02 01:06:40.694,140.885,140.871,3.6,1.2
750,2024-01-02 01:06:41.852,140.886,140.871,3.6,1.2
751,2024-01-02 01:06:43.410,140.884,140.871,1.2,1.2
752,2024-01-02 01:06:43.513,140.881,140.869,3.6,1.2
753,2024-01-02 01:06:53.318,140.882,140.87,1.2,2.1
754,2024-01-02 01:06:53.420,140.885,140.868,1.8,2.1
755,2024-01-02 01:06:53.824,140.885,140.867,3.6,2.1
756,2024-01-02 01:06:56.741,140.886,140.868,3.6,3.6
757,2024-01-02 01:06:57.849,140.886,140.869,3.6,2.1
758,2024-01-02 01:07:04.887,140.875,140.865,3.72,1.8
759,2024-01-02 01:07:04.940,140.863,140.858,1.8,1.8
760,2024-01-02 01:07:04.992,140.862,140.85,1.8,2.1
761,2024-01-02 01:07:05.095,140.863,140.856,3.6,1.35
762,2024-01-02 01:07:05.198,140.862,140.849,3.6,2.1
763,2024-01-02 01:07:05.300,140.862,140.849,3.6,1.8
764,2024-01-02 01:07:05.402,140.859,140.849,3.6,1.8
765,2024-01-02 01:07:05.505,140.859,140.847,2.7,2.7
766,2024-01-02 01:07:05.607,140.861,140.847,1.8,2.7
767,2024-01-02 01:07:05.961,140.862,140.847,4.05,2.7
768,2024-01-02 01:07:10.086,140.862,140.852,4.5,1.8
769,2024-01-02 01:07:10.138,140.861,140.849,4.05,2.1
770,2024-01-02 01:07:10.240,140.861,140.849,4.05,1.8
771,2024-01-02 01:07:10.693,140.862,140.848,3.6,1.8
772,2024-01-02 01:07:10.745,140.86,140.848,3.6,1.8
773,2024-01-02 01:07:10.848,140.859,140.847,3.6,1.2
774,2024-01-02 01:07:10.951,140.86,140.848,3.6,1.8
775,2024-01-02 01:07:11.053,140.86,140.848,3.6,1.8
776,2024-01-02 01:07:12.563,140.86,140.847,4.05,2.7
777,2024-01-02 01:07:12.715,140.86,140.848,2.25,1.8
778,2024-01-02 01:07:12.968,140.861,140.848,4.05,1.8
779,2024-01-02 01:07:27.936,140.858,140.848,2.97,1.8
780,2024-01-02 01:07:28.039,140.853,140.846,3.6,1.8
781,2024-01-02 01:07:28.090,140.853,140.842,3.6,1.8
782,2024-01-02 01:07:28.193,140.854,140.843,5.85,1.8
783,2024-01-02 01:07:28.295,140.853,140.842,3.6,1.8
784,2024-01-02 01:07:28.347,140.854,140.845,1.35,1.8
785,2024-01-02 01:07:28.449,140.855,140.845,1.8,1.8
786,2024-01-02 01:07:28.953,140.856,140.845,3.6,1.8
787,2024-01-02 01:07:29.609,140.852,140.845,1.8,1.8
788,2024-01-02 01:07:29.712,140.852,140.844,1.8,1.8
789,2024-01-02 01:07:30.016,140.853,140.843,3.6,1.8
790,2024-01-02 01:07:30.118,140.855,140.846,1.8,1.8
791,2024-01-02 01:07:30.169,140.858,140.845,3.6,1.8
792,2024-01-02 01:07:30.472,140.857,140.847,3.6,1.8
793,2024-01-02 01:07:30.725,140.858,140.847,1.35,1.8
794,2024-01-02 01:07:30.827,140.859,140.847,4.5,1.8
795,2024-01-02 01:07:30.929,140.853,140.845,4.05,1.8
796,2024-01-02 01:07:31.032,140.853,140.844,2.25,3.6
797,2024-01-02 01:07:31.134,140.855,140.846,1.8,1.8
798,2024-01-02 01:07:34.251,140.856,140.848,1.8,1.8
799,2024-01-02 01:07:34.353,140.859,140.847,1.2,1.8
800,2024-01-02 01:07:37.421,140.861,140.848,3.6,1.8
801,2024-01-02 01:07:37.573,140.86,140.847,1.8,3.6
802,2024-01-02 01:07:42.248,140.859,140.846,1.2,1.8
803,2024-01-02 01:07:44.962,140.853,140.847,1.8,1.8
804,2024-01-02 01:07:45.364,140.852,140.847,1.8,3.6
805,2024-01-02 01:07:49.985,140.853,140.839,5.85,2.25
806,2024-01-02 01:07:50.036,140.85,140.845,1.2,1.8
807,2024-01-02 01:07:50.139,140.849,140.838,1.2,1.8
808,2024-01-02 01:07:50.190,140.844,140.835,1.8,1.8
809,2024-01-02 01:07:50.293,140.844,140.833,1.2,1.8
810,2024-01-02 01:07:50.345,140.843,140.832,1.2,1.8
811,2024-01-02 01:07:50.446,140.844,140.832,4.5,1.8
812,2024-01-02 01:07:50.800,140.844,140.829,1.2,1.8
813,2024-01-02 01:07:51.153,140.844,140.828,1.2,1.8
814,2024-01-02 01:07:51.506,140.847,140.828,1.2,1.8
815,2024-01-02 01:07:52.511,140.846,140.828,1.2,1.8
816,2024-01-02 01:07:53.441,140.844,140.828,1.2,1.8
817,2024-01-02 01:07:53.744,140.842,140.828,1.8,1.8
818,2024-01-02 01:07:53.846,140.84,140.828,1.2,1.8
819,2024-01-02 01:07:53.949,140.84,140.826,1.2,1.8
820,2024-01-02 01:07:54.252,140.839,140.826,1.2,1.8
821,2024-01-02 01:07:56.513,140.838,140.826,1.2,1.8
822,2024-01-02 01:07:58.874,140.837,140.826,1.2,1.8
823,2024-01-02 01:08:04.001,140.837,140.829,1.2,1.8
824,2024-01-02 01:08:04.102,140.84,140.829,1.2,3.15
825,2024-01-02 01:08:04.205,140.837,140.827,1.2,1.8
826,2024-01-02 01:08:04.306,140.838,140.827,1.2,1.8
827,2024-01-02 01:08:04.458,140.838,140.826,1.2,1.8
828,2024-01-02 01:08:08.129,140.838,140.827,1.2,1.8
829,2024-01-02 01:08:08.282,140.841,140.827,1.2,1.8
830,2024-01-02 01:08:10.496,140.841,140.834,1.2,4.5
831,2024-01-02 01:08:10.548,140.847,140.835,3.6,1.8
832,2024-01-02 01:08:10.651,140.848,140.836,1.8,1.8
833,2024-01-02 01:08:10.753,140.849,140.837,3.6,1.8
834,2024-01-02 01:08:11.610,140.846,140.835,3.6,1.2
835,2024-01-02 01:08:11.713,140.845,140.828,3.6,5.4
836,2024-01-02 01:08:12.168,140.844,140.828,3.6,1.8
837,2024-01-02 01:08:12.671,140.845,140.828,3.6,1.8
838,2024-01-02 01:08:12.923,140.844,140.828,3.6,1.8
839,2024-01-02 01:08:15.490,140.843,140.828,1.2,1.8
840,2024-01-02 01:08:16.498,140.842,140.828,1.2,1.8
841,2024-01-02 01:08:16.599,140.842,140.827,1.2,1.8
842,2024-01-02 01:08:18.159,140.841,140.829,1.2,1.35
843,2024-01-02 01:08:18.261,140.843,140.827,1.2,2.1
844,2024-01-02 01:08:18.667,140.842,140.829,1.2,1.8
845,2024-01-02 01:08:18.918,140.842,140.828,1.2,1.8
846,2024-01-02 01:08:20.629,140.842,140.829,1.2,1.8
847,2024-01-02 01:08:20.832,140.841,140.829,1.2,1.8
848,2024-01-02 01:08:21.034,140.841,140.828,1.2,1.8
849,2024-01-02 01:08:24.004,140.842,140.828,1.2,1.8
850,2024-01-02 01:08:29.530,140.842,140.827,1.2,1.8
851,2024-01-02 01:08:30.587,140.844,140.832,1.2,1.35
852,2024-01-02 01:08:30.792,140.845,140.834,4.5,1.35
853,2024-01-02 01:08:34.264,140.844,140.834,3.6,1.35
854,2024-01-02 01:08:35.020,140.845,140.834,1.2,1.35
855,2024-01-02 01:08:40.604,140.845,140.835,1.2,1.8
856,2024-01-02 01:08:40.957,140.845,140.834,1.2,1.35
857,2024-01-02 01:08:41.262,140.844,140.834,1.2,3.15
858,2024-01-02 01:08:51.909,140.843,140.834,1.2,1.35
859,2024-01-02 01:08:53.368,140.844,140.834,1.2,1.35
860,2024-01-02 01:08:58.045,140.843,140.834,1.2,1.35
861,2024-01-02 01:09:01.515,140.841,140.831,2.97,1.8
862,2024-01-02 01:09:01.618,140.834,140.829,1.8,1.35
863,2024-01-02 01:09:01.721,140.839,140.828,1.8,1.8
864,2024-01-02 01:09:01.823,140.84,140.829,3.6,1.8
865,2024-01-02 01:09:01.925,140.841,140.829,1.2,1.8
866,2024-01-02 01:09:02.731,140.84,140.829,1.2,1.8
867,2024-01-02 01:09:03.434,140.843,140.829,7.65,1.8
868,2024-01-02 01:09:03.839,140.843,140.831,6.75,1.35
869,2024-01-02 01:09:04.997,140.842,140.831,3.6,1.35
870,2024-01-02 01:09:06.308,140.84,140.827,1.2,1.8
871,2024-01-02 01:09:06.410,140.839,140.827,1.2,3.15
872,2024-01-02 01:09:06.815,140.838,140.827,1.8,4.95
873,2024-01-02 01:09:06.943,140.84,140.83,3.6,1.35
874,2024-01-02 01:09:07.549,140.841,140.83,4.5,1.35
875,2024-01-02 01:09:09.008,140.842,140.83,4.5,1.35
876,2024-01-02 01:09:09.512,140.842,140.829,1.2,1.35
877,2024-01-02 01:09:09.918,140.841,140.831,1.8,1.35
878,2024-01-02 01:09:12.834,140.839,140.831,1.8,1.35
879,2024-01-02 01:09:16.805,140.838,140.831,1.8,1.35
880,2024-01-02 01:09:18.920,140.837,140.831,3.6,1.35
881,2024-01-02 01:09:20.231,140.84,140.83,2.7,1.35
882,2024-01-02 01:09:40.970,140.839,140.83,1.2,1.35
883,2024-01-02 01:09:41.677,140.834,140.827,1.8,3.15
884,2024-01-02 01:09:41.780,140.833,140.822,1.2,1.8
885,2024-01-02 01:09:41.881,140.835,140.821,4.5,1.8
886,2024-01-02 01:09:42.289,140.834,140.821,4.5,1.35
887,2024-01-02 01:09:42.543,140.835,140.821,1.8,1.8
888,2024-01-02 01:09:42.595,140.834,140.819,1.2,1.8
889,2024-01-02 01:09:43.500,140.835,140.819,1.2,1.8
890,2024-01-02 01:09:44.105,140.836,140.819,4.5,1.8
891,2024-01-02 01:09:45.063,140.834,140.818,2.7,3.6
892,2024-01-02 01:09:45.871,140.832,140.818,1.2,1.8
893,2024-01-02 01:09:46.073,140.833,140.818,1.2,1.8
894,2024-01-02 01:09:47.031,140.832,140.818,1.2,1.8
895,2024-01-02 01:09:47.284,140.829,140.817,1.8,1.8
896,2024-01-02 01:09:47.387,140.827,140.82,1.2,1.8
897,2024-01-02 01:09:47.439,140.835,140.819,1.8,3.6
898,2024-01-02 01:09:47.541,140.835,140.82,2.7,3.6
899,2024-01-02 01:09:47.745,140.836,140.82,1.2,1.8
900,2024-01-02 01:09:48.149,140.837,140.82,7.2,1.8
901,2024-01-02 01:09:48.504,140.836,140.818,2.7,3.6
902,2024-01-02 01:09:48.606,140.835,140.818,1.2,3.6
903,2024-01-02 01:09:48.959,140.835,140.819,1.2,1.8
904,2024-01-02 01:09:49.265,140.835,140.818,4.5,2.25
905,2024-01-02 01:09:49.670,140.834,140.818,1.2,2.25
906,2024-01-02 01:09:50.074,140.834,140.817,1.2,1.8
907,2024-01-02 01:09:51.434,140.834,140.818,1.2,2.25
908,2024-01-02 01:09:52.138,140.834,140.818,1.2,2.1
909,2024-01-02 01:09:52.693,140.834,140.818,1.2,1.8
910,2024-01-02 01:09:54.303,140.834,140.818,1.2,2.1
911,2024-01-02 01:09:54.404,140.835,140.818,4.5,2.25
912,2024-01-02 01:09:54.607,140.834,140.818,1.2,2.1
913,2024-01-02 01:09:54.910,140.835,140.818,4.5,2.1
914,2024-01-02 01:09:55.214,140.835,140.818,3.6,2.1
915,2024-01-02 01:09:56.473,140.835,140.823,3.6,1.8
916,2024-01-02 01:09:56.575,140.835,140.822,1.8,1.8
917,2024-01-02 01:09:57.232,140.835,140.82,5.4,3.6
918,2024-01-02 01:09:57.584,140.836,140.82,6.3,2.25
919,2024-01-02 01:09:57.787,140.835,140.82,2.7,2.25
920,2024-01-02 01:09:57.890,140.835,140.819,7.2,1.8
921,2024-01-02 01:09:58.293,140.834,140.819,1.2,1.8
922,2024-01-02 01:10:00.104,140.832,140.819,3.6,1.8
923,2024-01-02 01:10:00.258,140.832,140.819,3.6,2.1
924,2024-01-02 01:10:00.310,140.834,140.82,3.6,2.1
925,2024-01-02 01:10:00.361,140.834,140.82,4.5,1.8
926,2024-01-02 01:10:00.664,140.834,140.819,4.5,1.8
927,2024-01-02 01:10:00.868,140.833,140.819,1.2,1.8
928,2024-01-02 01:10:01.272,140.834,140.819,2.7,1.8
929,2024-01-02 01:10:02.078,140.834,140.82,1.2,1.8
930,2024-01-02 01:10:04.641,140.832,140.82,1.2,1.8
931,2024-01-02 01:10:07.158,140.832,140.819,1.2,3.6
932,2024-01-02 01:10:07.917,140.832,140.82,1.2,1.8
933,2024-01-02 01:10:11.641,140.832,140.819,1.2,3.6
934,2024-01-02 01:10:13.454,140.831,140.818,1.2,3.6
935,2024-01-02 01:10:13.709,140.831,140.819,1.2,1.8
936,2024-01-02 01:10:16.835,140.831,140.82,1.2,1.8
937,2024-01-02 01:10:20.107,140.832,140.82,1.8,1.8
938,2024-01-02 01:10:20.210,140.831,140.82,1.2,1.8
939,2024-01-02 01:10:25.407,140.832,140.818,1.8,1.8
940,2024-01-02 01:10:26.213,140.831,140.821,1.2,1.8
941,2024-01-02 01:10:26.315,140.833,140.821,1.8,1.8
942,2024-01-02 01:10:27.222,140.832,140.821,1.2,1.8
943,2024-01-02 01:10:30.589,140.834,140.823,1.2,2.25
944,2024-01-02 01:10:30.897,140.834,140.822,1.2,1.8
945,2024-01-02 01:10:31.151,140.834,140.821,1.2,1.8
946,2024-01-02 01:10:32.109,140.834,140.821,1.2,2.1
947,2024-01-02 01:10:33.924,140.834,140.824,1.2,1.8
948,2024-01-02 01:10:34.631,140.834,140.823,1.2,2.25
949,2024-01-02 01:10:34.934,140.83,140.822,1.2,2.25
950,2024-01-02 01:10:34.986,140.832,140.822,1.8,1.8
951,2024-01-02 01:10:35.089,140.834,140.822,1.8,1.8
952,2024-01-02 01:10:35.293,140.834,140.821,1.8,1.8
953,2024-01-02 01:10:36.152,140.833,140.82,1.2,3.6
954,2024-01-02 01:10:36.203,140.831,140.82,1.2,1.8
955,2024-01-02 01:10:36.815,140.831,140.819,1.8,1.8
956,2024-01-02 01:10:38.981,140.828,140.818,1.2,1.8
957,2024-01-02 01:10:39.032,140.83,140.819,1.8,1.8
958,2024-01-02 01:10:39.135,140.83,140.818,1.8,1.8
959,2024-01-02 01:10:40.041,140.83,140.819,1.8,1.8
960,2024-01-02 01:10:40.850,140.824,140.811,1.2,2.1
961,2024-01-02 01:10:40.955,140.837,140.824,1.2,3.6
962,2024-01-02 01:10:41.007,140.831,140.824,1.8,3.6
963,2024-01-02 01:10:41.110,140.832,140.822,1.2,1.8
964,2024-01-02 01:10:41.162,140.835,140.822,1.2,1.8
965,2024-01-02 01:10:41.265,140.832,140.821,1.2,1.8
966,2024-01-02 01:10:41.368,140.832,140.82,1.2,1.8
967,2024-01-02 01:10:41.623,140.831,140.818,1.2,3.6
968,2024-01-02 01:10:41.726,140.831,140.817,1.2,3.6
969,2024-01-02 01:10:43.390,140.832,140.817,1.2,1.8
970,2024-01-02 01:10:43.643,140.831,140.817,1.2,1.8
971,2024-01-02 01:10:43.846,140.831,140.818,1.2,1.8
972,2024-01-02 01:10:44.702,140.831,140.817,1.2,1.8
973,2024-01-02 01:10:44.754,140.825,140.816,1.2,2.25
974,2024-01-02 01:10:44.807,140.829,140.818,1.2,1.8
975,2024-01-02 01:10:45.161,140.829,140.816,1.2,1.8
976,2024-01-02 01:10:46.375,140.83,140.814,1.2,3.6
977,2024-01-02 01:10:47.534,140.83,140.815,1.2,1.8
978,2024-01-02 01:10:50.152,140.829,140.815,1.8,1.8
979,2024-01-02 01:10:53.319,140.83,140.815,1.2,1.8
980,2024-01-02 01:10:54.175,140.829,140.817,1.2,1.8
981,2024-01-02 01:10:54.328,140.829,140.818,1.2,1.8
982,2024-01-02 01:10:54.480,140.829,140.819,1.2,1.8
983,2024-01-02 01:10:54.684,140.829,140.818,1.2,1.8
984,2024-01-02 01:10:54.987,140.829,140.817,1.2,1.35
985,2024-01-02 01:10:55.340,140.829,140.817,1.2,1.1
986,2024-01-02 01:10:56.145,140.829,140.819,1.2,1.8
987,2024-01-02 01:10:56.450,140.829,140.818,1.2,1.35
988,2024-01-02 01:10:56.654,140.829,140.817,1.2,1.8
989,2024-01-02 01:10:56.757,140.83,140.817,1.2,1.8
990,2024-01-02 01:10:57.060,140.83,140.816,1.2,1.8
991,2024-01-02 01:10:58.371,140.828,140.816,1.2,1.8
992,2024-01-02 01:10:58.475,140.828,140.813,2.7,1.8
993,2024-01-02 01:10:58.578,140.83,140.812,1.2,4.35
994,2024-01-02 01:11:00.848,140.827,140.812,1.2,1.82
995,2024-01-02 01:11:00.951,140.828,140.813,1.2,1.35
996,2024-01-02 01:11:01.662,140.829,140.815,1.8,1.2
997,2024-01-02 01:11:01.765,140.829,140.818,1.2,1.8
998,2024-01-02 01:11:02.422,140.83,140.816,1.2,3.6
999,2024-01-02 01:11:02.676,140.83,140.815,1.2,3.6
1000,2024-01-02 01:11:03.486,140.829,140.815,1.8,2.7
1001,2024-01-02 01:11:03.739,140.829,140.816,1.2,1.8
1002,2024-01-02 01:11:04.545,140.828,140.813,1.2,3.6
1003,2024-01-02 01:11:04.649,140.832,140.822,1.2,1.2
1004,2024-01-02 01:11:04.752,140.826,140.822,1.2,1.8
1005,2024-01-02 01:11:04.804,140.831,140.818,1.2,1.8
1006,2024-01-02 01:11:04.856,140.826,140.818,1.2,1.8
1007,2024-01-02 01:11:04.908,140.829,140.814,1.2,1.8
1008,2024-01-02 01:11:04.960,140.829,140.817,1.2,1.8
1009,2024-01-02 01:11:05.063,140.83,140.817,1.2,1.8
1010,2024-01-02 01:11:05.366,140.83,140.816,1.2,3.6
1011,2024-01-02 01:11:05.722,140.832,140.818,1.2,3.6
1012,2024-01-02 01:11:06.753,140.834,140.818,1.8,3.6
1013,2024-01-02 01:11:06.805,140.834,140.821,1.8,1.8
1014,2024-01-02 01:11:06.857,140.834,140.819,2.7,1.8
1015,2024-01-02 01:11:07.517,140.835,140.819,2.7,3.6
1016,2024-01-02 01:11:08.021,140.834,140.821,1.8,3.6
1017,2024-01-02 01:11:08.275,140.834,140.819,2.7,3.6
1018,2024-01-02 01:11:09.184,140.834,140.82,5.4,1.8
1019,2024-01-02 01:11:09.387,140.833,140.82,1.2,1.8
1020,2024-01-02 01:11:10.396,140.826,140.813,1.2,2.85
1021,2024-01-02 01:11:10.448,140.828,140.818,1.2,1.8
1022,2024-01-02 01:11:10.551,140.831,140.817,1.2,1.8
1023,2024-01-02 01:11:10.653,140.832,140.817,1.8,1.8
1024,2024-01-02 01:11:11.007,140.832,140.818,1.8,1.8
1025,2024-01-02 01:11:11.261,140.831,140.818,1.2,1.8
1026,2024-01-02 01:11:11.514,140.833,140.817,1.2,1.8
1027,2024-01-02 01:11:12.273,140.832,140.819,1.2,1.8
1028,2024-01-02 01:11:12.931,140.833,140.819,4.5,1.8
1029,2024-01-02 01:11:14.296,140.833,140.817,1.2,1.8
1030,2024-01-02 01:11:14.800,140.833,140.818,1.8,1.8
1031,2024-01-02 01:11:15.053,140.833,140.819,1.8,1.8
1032,2024-01-02 01:11:15.458,140.831,140.819,1.2,1.8
1033,2024-01-02 01:11:15.509,140.831,140.817,1.2,1.8
1034,2024-01-02 01:11:15.963,140.832,140.817,1.2,1.8
1035,2024-01-02 01:11:16.065,140.832,140.818,1.2,1.8
1036,2024-01-02 01:11:16.771,140.836,140.819,1.8,1.8
1037,2024-01-02 01:11:16.874,140.834,140.82,1.2,1.8
1038,2024-01-02 01:11:16.976,140.835,140.82,1.2,1.8
1039,2024-01-02 01:11:17.028,140.836,140.821,1.2,1.8
1040,2024-01-02 01:11:17.939,140.829,140.819,1.2,1.8
1041,2024-01-02 01:11:18.042,140.829,140.818,1.2,3.6
1042,2024-01-02 01:11:18.094,140.835,140.818,6.74,1.8
1043,2024-01-02 01:11:18.146,140.835,140.82,2.69,3.6
1044,2024-01-02 01:11:18.249,140.835,140.822,1.2,1.8
1045,2024-01-02 01:11:18.453,140.835,140.821,1.2,1.8
1046,2024-01-02 01:11:23.290,140.835,140.823,1.8,1.8
1047,2024-01-02 01:11:23.746,140.835,140.82,1.8,3.6
1048,2024-01-02 01:11:24.252,140.835,140.821,1.8,1.8
1049,2024-01-02 01:11:26.973,140.835,140.822,1.8,1.8
1050,2024-01-02 01:11:29.753,140.835,140.82,1.8,1.8
1051,2024-01-02 01:11:30.107,140.835,140.821,1.8,1.8
1052,2024-01-02 01:11:30.461,140.835,140.822,1.8,1.8
1053,2024-01-02 01:11:42.595,140.836,140.82,1.8,1.8
1054,2024-01-02 01:11:43.000,140.834,140.82,1.2,1.8
1055,2024-01-02 01:11:47.274,140.835,140.82,1.8,1.8
1056,2024-01-02 01:11:47.530,140.834,140.82,1.2,3.6
1057,2024-01-02 01:11:52.655,140.836,140.82,1.2,1.8
1058,2024-01-02 01:11:55.020,140.832,140.817,1.2,2.1
1059,2024-01-02 01:11:55.123,140.831,140.818,1.8,1.8
1060,2024-01-02 01:11:55.275,140.833,140.818,1.8,1.8
1061,2024-01-02 01:11:55.429,140.833,140.82,1.2,1.8
1062,2024-01-02 01:11:55.532,140.833,140.818,1.2,1.8
1063,2024-01-02 01:11:56.440,140.833,140.819,1.8,1.8
1064,2024-01-02 01:11:56.946,140.822,140.816,1.2,1.8
1065,2024-01-02 01:11:56.998,140.828,140.816,2.7,1.8
1066,2024-01-02 01:11:57.050,140.826,140.816,1.8,1.8
1067,2024-01-02 01:11:57.102,140.826,140.813,1.8,3.15
1068,2024-01-02 01:11:57.204,140.827,140.814,1.2,1.8
1069,2024-01-02 01:11:57.256,140.829,140.813,1.2,1.8
1070,2024-01-02 01:11:57.308,140.829,140.815,1.2,1.8
1071,2024-01-02 01:11:57.412,140.83,140.816,1.2,1.8
1072,2024-01-02 01:11:57.667,140.83,140.818,1.2,1.8
1073,2024-01-02 01:12:00.487,140.83,140.816,1.2,1.8
1074,2024-01-02 01:12:00.640,140.83,140.815,1.2,1.8
1075,2024-01-02 01:12:00.792,140.83,140.814,1.2,3.6
1076,2024-01-02 01:12:00.844,140.835,140.822,1.3,1.8
1077,2024-01-02 01:12:00.947,140.837,140.822,1.2,1.8
1078,2024-01-02 01:12:04.826,140.838,140.822,1.2,1.8
1079,2024-01-02 01:12:04.929,140.836,140.822,1.2,1.8
1080,2024-01-02 01:12:07.143,140.836,140.82,1.2,1.8
1081,2024-01-02 01:12:07.649,140.835,140.82,2.7,1.8
1082,2024-01-02 01:12:11.723,140.836,140.822,1.14,1.8
1083,2024-01-02 01:12:11.826,140.837,140.822,1.2,1.8
1084,2024-01-02 01:12:16.610,140.823,140.82,1.2,1.8
1085,2024-01-02 01:12:16.714,140.836,140.825,1.8,1.8
1086,2024-01-02 01:12:16.765,140.831,140.825,1.8,1.8
1087,2024-01-02 01:12:16.868,140.836,140.825,1.2,1.8
1088,2024-01-02 01:12:16.971,140.837,140.825,1.2,1.8
1089,2024-01-02 01:12:17.627,140.836,140.824,1.2,1.8
1090,2024-01-02 01:12:17.730,140.837,140.825,1.2,1.8
1091,2024-01-02 01:12:23.613,140.836,140.824,1.2,1.8
1092,2024-01-02 01:12:28.244,140.837,140.824,1.2,1.8
1093,2024-01-02 01:12:28.397,140.836,140.824,1.2,1.8
1094,2024-01-02 01:12:28.550,140.836,140.825,1.2,1.8
1095,2024-01-02 01:12:33.228,140.836,140.824,1.2,1.8
1096,2024-01-02 01:12:33.684,140.836,140.825,1.2,1.8
1097,2024-01-02 01:12:34.143,140.835,140.824,1.2,1.8
1098,2024-01-02 01:12:34.701,140.836,140.824,1.2,1.8
1099,2024-01-02 01:12:36.164,140.836,140.825,1.2,1.8
1100,2024-01-02 01:12:37.475,140.833,140.826,1.2,1.8
1101,2024-01-02 01:12:37.527,140.833,140.823,1.2,1.8
1102,2024-01-02 01:12:37.578,140.833,140.821,1.2,1.8
1103,2024-01-02 01:12:37.681,140.832,140.821,1.2,1.8
1104,2024-01-02 01:12:37.783,140.832,140.822,1.2,1.8
1105,2024-01-02 01:12:38.087,140.832,140.821,1.2,1.8
1106,2024-01-02 01:12:39.598,140.832,140.82,1.2,1.8
1107,2024-01-02 01:12:40.054,140.829,140.82,1.2,1.8
1108,2024-01-02 01:12:40.158,140.827,140.817,1.2,5.4
1109,2024-01-02 01:12:40.261,140.829,140.821,1.2,1.8
1110,2024-01-02 01:12:40.313,140.829,140.818,1.2,1.8
1111,2024-01-02 01:12:40.416,140.831,140.816,1.2,1.8
1112,2024-01-02 01:12:40.468,140.83,140.819,1.2,1.8
1113,2024-01-02 01:12:40.571,140.831,140.82,1.2,1.8
1114,2024-01-02 01:12:40.673,140.83,140.819,1.2,1.8
1115,2024-01-02 01:12:40.776,140.83,140.818,1.2,1.8
1116,2024-01-02 01:12:40.878,140.83,140.817,1.2,1.8
1117,2024-01-02 01:12:40.981,140.83,140.818,1.2,1.8
1118,2024-01-02 01:12:44.411,140.83,140.82,1.2,1.8
1119,2024-01-02 01:12:44.514,140.831,140.82,1.8,1.8
1120,2024-01-02 01:12:44.667,140.831,140.819,1.8,1.8
1121,2024-01-02 01:12:44.922,140.831,140.818,1.2,1.8
1122,2024-01-02 01:12:45.582,140.831,140.82,1.2,1.8
1123,2024-01-02 01:12:47.454,140.831,140.819,1.2,1.8
1124,2024-01-02 01:12:48.261,140.83,140.818,1.2,1.8
1125,2024-01-02 01:12:48.365,140.832,140.821,1.2,1.8
1126,2024-01-02 01:12:58.532,140.833,140.822,1.2,1.8
1127,2024-01-02 01:12:58.789,140.834,140.822,1.32,1.8
1128,2024-01-02 01:13:00.610,140.836,140.826,1.14,1.8
1129,2024-01-02 01:13:01.117,140.836,140.825,1.2,1.8
1130,2024-01-02 01:13:06.702,140.836,140.824,1.2,1.8
1131,2024-01-02 01:13:07.257,140.836,140.825,1.2,1.8
1132,2024-01-02 01:13:09.122,140.836,140.826,1.2,1.8
1133,2024-01-02 01:13:09.174,140.838,140.826,1.2,1.8
1134,2024-01-02 01:13:10.883,140.837,140.826,1.2,1.8
1135,2024-01-02 01:13:12.745,140.837,140.825,1.2,1.8
1136,2024-01-02 01:13:18.682,140.838,140.823,1.8,1.8
1137,2024-01-02 01:13:18.785,140.837,140.825,1.2,1.8
1138,2024-01-02 01:13:24.624,140.837,140.824,1.8,1.8
1139,2024-01-02 01:13:25.884,140.837,140.825,1.8,1.8
1140,2024-01-02 01:13:29.055,140.837,140.826,1.8,1.8
1141,2024-01-02 01:13:34.596,140.837,140.824,1.2,3.6
1142,2024-01-02 01:13:39.119,140.837,140.825,1.8,1.8
1143,2024-01-02 01:13:39.222,140.838,140.826,1.8,1.8
1144,2024-01-02 01:13:39.692,140.837,140.826,1.2,1.8
1145,2024-01-02 01:13:41.856,140.838,140.826,1.8,1.8
1146,2024-01-02 01:13:45.531,140.834,140.824,1.8,3.6
1147,2024-01-02 01:13:45.634,140.835,140.824,1.2,1.8
1148,2024-01-02 01:13:45.736,140.836,140.824,1.2,1.8
1149,2024-01-02 01:13:46.241,140.835,140.824,1.2,1.8
1150,2024-01-02 01:13:48.808,140.836,140.824,1.8,1.8
1151,2024-01-02 01:13:48.911,140.835,140.824,1.2,1.8
1152,2024-01-02 01:13:49.415,140.835,140.823,1.8,1.8
1153,2024-01-02 01:13:56.810,140.824,140.82,1.8,1.8
1154,2024-01-02 01:13:56.915,140.827,140.822,1.8,1.8
1155,2024-01-02 01:13:57.018,140.837,140.822,1.72,1.8
1156,2024-01-02 01:13:57.121,140.836,140.826,1.16,1.8
1157,2024-01-02 01:13:57.425,140.836,140.824,1.2,1.8
1158,2024-01-02 01:13:57.527,140.836,140.823,1.2,1.8
1159,2024-01-02 01:14:00.349,140.836,140.824,1.2,1.8
1160,2024-01-02 01:14:05.230,140.836,140.823,1.8,1.8
1161,2024-01-02 01:14:05.433,140.835,140.823,1.2,1.8
1162,2024-01-02 01:14:15.440,140.837,140.828,1.2,1.8
1163,2024-01-02 01:14:15.492,140.836,140.825,1.2,1.8
1164,2024-01-02 01:14:15.746,140.836,140.823,1.8,3.6
1165,2024-01-02 01:14:16.051,140.835,140.823,1.2,1.8
1166,2024-01-02 01:14:19.367,140.836,140.823,1.8,1.8
1167,2024-01-02 01:14:19.873,140.836,140.822,1.2,1.8
1168,2024-01-02 01:14:24.352,140.836,140.824,1.8,1.8
1169,2024-01-02 01:14:30.237,140.836,140.823,1.8,1.8
1170,2024-01-02 01:14:30.843,140.836,140.824,1.8,1.8
1171,2024-01-02 01:14:35.471,140.836,140.822,1.8,3.6
1172,2024-01-02 01:14:36.076,140.836,140.824,1.8,1.8
1173,2024-01-02 01:14:59.018,140.836,140.823,1.8,1.8
1174,2024-01-02 01:14:59.121,140.834,140.823,1.2,1.8
1175,2024-01-02 01:14:59.223,140.835,140.823,1.2,1.8
1176,2024-01-02 01:14:59.325,140.834,140.823,1.2,1.8
1177,2024-01-02 01:14:59.478,140.835,140.823,1.2,1.8
1178,2024-01-02 01:14:59.580,140.833,140.822,1.2,1.8
1179,2024-01-02 01:15:00.086,140.831,140.821,1.2,1.8
1180,2024-01-02 01:15:00.188,140.83,140.821,1.2,1.8
1181,2024-01-02 01:15:20.596,140.83,140.822,1.2,1.8
1182,2024-01-02 01:15:20.649,140.837,140.827,1.35,2.7
1183,2024-01-02 01:15:20.701,140.837,140.829,1.35,1.8
1184,2024-01-02 01:15:20.853,140.84,140.829,1.8,1.8
1185,2024-01-02 01:15:21.156,140.84,140.83,1.8,1.8
1186,2024-01-02 01:15:21.463,140.84,140.833,1.2,1.8
1187,2024-01-02 01:15:21.515,140.842,140.834,1.2,1.8
1188,2024-01-02 01:15:21.618,140.844,140.834,1.2,1.8
1189,2024-01-02 01:15:21.823,140.843,140.834,1.2,1.8
1190,2024-01-02 01:15:21.875,140.843,140.832,1.2,3.6
1191,2024-01-02 01:15:21.978,140.842,140.834,1.2,1.8
1192,2024-01-02 01:15:22.030,140.844,140.832,1.8,1.8
1193,2024-01-02 01:15:22.081,140.844,140.834,1.8,1.8
1194,2024-01-02 01:15:22.184,140.842,140.834,1.2,1.8
1195,2024-01-02 01:15:22.236,140.845,140.834,1.8,1.8
1196,2024-01-02 01:15:22.338,140.843,140.834,1.2,1.8
1197,2024-01-02 01:15:22.541,140.845,140.834,1.2,1.8
1198,2024-01-02 01:15:22.948,140.841,140.832,1.2,1.8
1199,2024-01-02 01:15:23.051,140.844,140.832,1.2,1.8
1200,2024-01-02 01:15:23.103,140.844,140.835,1.8,1.8
1201,2024-01-02 01:15:23.358,140.844,140.833,1.2,3.6
1202,2024-01-02 01:15:24.217,140.841,140.832,1.2,1.8
1203,2024-01-02 01:15:24.369,140.841,140.831,1.2,1.8
1204,2024-01-02 01:15:26.433,140.84,140.831,1.2,1.8
1205,2024-01-02 01:15:27.941,140.841,140.831,1.8,1.8
1206,2024-01-02 01:15:28.143,140.84,140.831,1.2,1.8
1207,2024-01-02 01:15:33.024,140.839,140.83,1.2,1.8
1208,2024-01-02 01:15:33.126,140.839,140.831,1.2,1.8
1209,2024-01-02 01:15:33.981,140.839,140.83,1.2,1.8
1210,2024-01-02 01:15:34.134,140.839,140.831,1.2,1.8
1211,2024-01-02 01:15:35.040,140.839,140.83,1.2,1.8
1212,2024-01-02 01:15:35.142,140.839,140.831,1.2,1.8
1213,2024-01-02 01:15:35.596,140.841,140.83,1.8,1.8
1214,2024-01-02 01:15:36.049,140.841,140.829,1.8,1.8
1215,2024-01-02 01:15:36.151,140.839,140.83,1.2,1.8
1216,2024-01-02 01:15:36.253,140.839,140.831,1.2,1.8
1217,2024-01-02 01:15:37.110,140.839,140.83,1.2,1.8
1218,2024-01-02 01:15:37.212,140.839,140.831,1.2,1.8
1219,2024-01-02 01:15:38.119,140.839,140.83,1.2,1.8
1220,2024-01-02 01:15:38.271,140.839,140.831,1.2,1.8
1221,2024-01-02 01:15:39.179,140.839,140.83,1.2,1.8
1222,2024-01-02 01:15:39.281,140.839,140.831,1.2,1.8
1223,2024-01-02 01:15:40.187,140.839,140.83,1.2,1.8
1224,2024-01-02 01:15:40.339,140.839,140.831,1.2,1.8
1225,2024-01-02 01:15:40.795,140.84,140.833,1.2,1.8
1226,2024-01-02 01:15:40.847,140.842,140.836,1.2,1.2
1227,2024-01-02 01:15:40.900,140.843,140.84,1.2,1.8
1228,2024-01-02 01:15:40.951,140.848,140.84,1.2,1.8
1229,2024-01-02 01:15:41.054,140.849,140.84,1.2,1.8
1230,2024-01-02 01:15:43.727,140.85,140.84,1.2,1.8
1231,2024-01-02 01:15:43.880,140.851,140.841,1.2,1.8
1232,2024-01-02 01:15:50.547,140.851,140.84,1.2,1.8
1233,2024-01-02 01:15:50.649,140.85,140.84,1.2,1.8
1234,2024-01-02 01:15:50.854,140.85,140.841,1.2,1.8
1235,2024-01-02 01:15:51.007,140.85,140.84,1.2,1.8
1236,2024-01-02 01:15:51.160,140.85,140.841,1.8,1.8
1237,2024-01-02 01:15:52.570,140.85,140.84,1.8,1.8
1238,2024-01-02 01:15:52.824,140.849,140.84,1.2,1.8
1239,2024-01-02 01:15:53.027,140.848,140.84,1.2,1.8
1240,2024-01-02 01:15:57.002,140.848,140.839,1.8,1.8
1241,2024-01-02 01:15:57.105,140.848,140.84,1.2,1.8
1242,2024-01-02 01:15:57.156,140.846,140.84,1.2,1.8
1243,2024-01-02 01:15:57.461,140.85,140.839,1.2,1.8
1244,2024-01-02 01:15:59.071,140.848,140.84,1.2,1.8
1245,2024-01-02 01:15:59.625,140.849,140.84,1.2,1.8
1246,2024-01-02 01:16:00.129,140.848,140.84,1.2,1.8
1247,2024-01-02 01:16:01.239,140.849,140.84,1.2,1.8
1248,2024-01-02 01:16:01.442,140.85,140.84,1.8,1.8
1249,2024-01-02 01:16:01.646,140.85,140.842,1.2,1.8
1250,2024-01-02 01:16:01.952,140.85,140.841,1.8,1.8
1251,2024-01-02 01:16:02.759,140.85,140.842,1.8,1.8
1252,2024-01-02 01:16:05.882,140.85,140.841,1.8,1.8
1253,2024-01-02 01:16:06.035,140.85,140.839,1.8,1.8
1254,2024-01-02 01:16:07.196,140.848,140.84,1.2,1.8
1255,2024-01-02 01:16:10.756,140.849,140.841,1.8,1.8
1256,2024-01-02 01:16:11.315,140.849,140.842,1.2,1.8
1257,2024-01-02 01:16:11.418,140.851,140.848,1.2,1.8
1258,2024-01-02 01:16:11.470,140.855,140.848,1.8,1.8
1259,2024-01-02 01:16:20.737,140.855,140.849,1.2,1.8
1260,2024-01-02 01:16:30.098,140.857,140.849,1.8,2.7
1261,2024-01-02 01:16:31.912,140.857,140.85,1.2,1.8
1262,2024-01-02 01:16:32.015,140.858,140.848,1.2,2.7
1263,2024-01-02 01:16:37.248,140.857,140.85,1.2,1.8
1264,2024-01-02 01:16:42.232,140.858,140.85,1.2,1.8
1265,2024-01-02 01:16:42.334,140.858,140.851,1.2,1.8
1266,2024-01-02 01:16:42.588,140.858,140.852,1.2,1.8
1267,2024-01-02 01:16:45.203,140.859,140.852,1.2,1.8
1268,2024-01-02 01:16:46.616,140.859,140.853,1.2,1.8
1269,2024-01-02 01:16:51.506,140.859,140.852,1.2,1.8
1270,2024-01-02 01:16:57.640,140.859,140.853,1.2,1.8
1271,2024-01-02 01:16:58.802,140.859,140.851,1.2,3.6
1272,2024-01-02 01:16:59.309,140.859,140.852,1.2,1.8
1273,2024-01-02 01:16:59.967,140.859,140.851,1.2,1.8
1274,2024-01-02 01:17:02.734,140.859,140.852,1.2,1.8
1275,2024-01-02 01:17:07.710,140.859,140.851,1.2,1.8
1276,2024-01-02 01:17:08.114,140.86,140.851,1.2,1.8
1277,2024-01-02 01:17:12.339,140.859,140.855,1.2,1.8
1278,2024-01-02 01:17:12.391,140.859,140.853,1.2,5.4
1279,2024-01-02 01:17:12.947,140.859,140.852,1.2,1.8
1280,2024-01-02 01:17:15.064,140.859,140.851,1.2,3.6
1281,2024-01-02 01:17:15.317,140.859,140.852,1.2,1.8
1282,2024-01-02 01:17:18.133,140.859,140.851,1.2,1.8
1283,2024-01-02 01:17:20.243,140.86,140.856,1.2,1.8
1284,2024-01-02 01:17:20.397,140.859,140.855,1.2,1.8
1285,2024-01-02 01:17:20.500,140.859,140.851,1.2,5.4
1286,2024-01-02 01:17:21.661,140.859,140.852,1.2,1.8
1287,2024-01-02 01:17:25.647,140.859,140.853,1.2,1.8
1288,2024-01-02 01:17:26.201,140.859,140.852,1.2,3.6
1289,2024-01-02 01:17:26.304,140.859,140.851,1.2,3.6
1290,2024-01-02 01:17:27.212,140.859,140.852,1.2,3.6
1291,2024-01-02 01:17:28.169,140.859,140.853,1.2,1.8
1292,2024-01-02 01:17:30.537,140.86,140.854,1.2,1.8
1293,2024-01-02 01:17:30.589,140.859,140.853,1.2,4.05
1294,2024-01-02 01:17:32.553,140.86,140.855,1.2,1.8
1295,2024-01-02 01:17:32.605,140.859,140.853,1.2,3.6
1296,2024-01-02 01:17:38.286,140.859,140.852,1.2,1.8
1297,2024-01-02 01:17:42.812,140.859,140.851,1.2,1.8
1298,2024-01-02 01:17:42.864,140.859,140.855,1.2,1.8
1299,2024-01-02 01:17:43.018,140.86,140.857,1.2,1.8
1300,2024-01-02 01:17:43.121,140.86,140.856,1.2,4.5
1301,2024-01-02 01:17:43.223,140.86,140.858,1.2,1.8
1302,2024-01-02 01:17:43.426,140.86,140.857,1.2,1.8
1303,2024-01-02 01:17:43.830,140.861,140.857,1.2,1.8
1304,2024-01-02 01:17:43.933,140.861,140.857,1.2,1.8
1305,2024-01-02 01:17:44.236,140.861,140.858,1.2,1.8
1306,2024-01-02 01:17:44.689,140.862,140.858,1.2,1.8
1307,2024-01-02 01:17:45.897,140.862,140.857,1.2,2.7
1308,2024-01-02 01:17:46.502,140.862,140.858,1.2,1.8
1309,2024-01-02 01:17:48.665,140.862,140.857,1.2,2.7
1310,2024-01-02 01:17:49.419,140.863,140.857,2.7,2.7
1311,2024-01-02 01:17:49.823,140.864,140.857,4.5,1.8
1312,2024-01-02 01:17:51.234,140.862,140.857,1.8,2.7
1313,2024-01-02 01:17:52.795,140.863,140.859,1.8,1.8
1314,2024-01-02 01:17:55.367,140.863,140.858,3.6,1.8
1315,2024-01-02 01:17:58.838,140.863,140.857,3.6,2.7
1316,2024-01-02 01:17:59.291,140.863,140.859,1.8,1.8
1317,2024-01-02 01:17:59.997,140.863,140.858,3.6,1.8
1318,2024-01-02 01:18:01.106,140.863,140.859,1.8,1.8
1319,2024-01-02 01:18:01.560,140.863,140.858,3.6,1.8
1320,2024-01-02 01:18:03.073,140.864,140.859,5.4,1.8
1321,2024-01-02 01:18:03.125,140.868,140.86,1.99,1.2
1322,2024-01-02 01:18:03.177,140.862,140.858,1.8,1.2
1323,2024-01-02 01:18:03.229,140.862,140.855,2.34,1.8
1324,2024-01-02 01:18:03.281,140.86,140.851,1.8,1.2
1325,2024-01-02 01:18:03.333,140.858,140.853,1.2,1.8
1326,2024-01-02 01:18:03.435,140.858,140.851,1.2,1.2
1327,2024-01-02 01:18:03.537,140.861,140.85,1.8,1.2
1328,2024-01-02 01:18:03.588,140.861,140.854,1.2,1.8
1329,2024-01-02 01:18:03.640,140.861,140.851,1.8,2.7
1330,2024-01-02 01:18:03.743,140.859,140.851,1.8,1.2
1331,2024-01-02 01:18:04.648,140.86,140.851,1.05,1.2
1332,2024-01-02 01:18:04.901,140.859,140.851,1.8,1.2
1333,2024-01-02 01:18:05.307,140.86,140.851,1.05,1.2
1334,2024-01-02 01:18:05.459,140.859,140.851,1.05,1.2
1335,2024-01-02 01:18:05.662,140.861,140.85,1.8,2.7
1336,2024-01-02 01:18:06.467,140.861,140.851,1.8,1.2
1337,2024-01-02 01:18:06.569,140.861,140.85,1.8,2.7
1338,2024-01-02 01:18:07.429,140.86,140.85,1.69,2.7
1339,2024-01-02 01:18:08.240,140.858,140.85,1.2,2.7
1340,2024-01-02 01:18:08.442,140.857,140.85,1.2,2.7
1341,2024-01-02 01:18:09.451,140.856,140.85,1.2,2.7
1342,2024-01-02 01:18:12.872,140.857,140.851,1.2,1.2
1343,2024-01-02 01:18:15.487,140.856,140.851,1.2,1.2
1344,2024-01-02 01:18:19.459,140.858,140.851,1.2,1.2
1345,2024-01-02 01:18:21.724,140.859,140.851,1.2,1.2
1346,2024-01-02 01:18:22.079,140.858,140.851,1.2,1.2
1347,2024-01-02 01:18:22.887,140.858,140.853,1.2,1.2
1348,2024-01-02 01:18:22.990,140.862,140.852,2.1,1.2
1349,2024-01-02 01:18:23.042,140.859,140.85,1.8,4.5
1350,2024-01-02 01:18:23.144,140.86,140.85,1.05,1.2
1351,2024-01-02 01:18:23.346,140.859,140.85,1.2,1.2
1352,2024-01-02 01:18:23.600,140.86,140.85,1.8,1.2
1353,2024-01-02 01:18:23.804,140.862,140.855,2.59,1.2
1354,2024-01-02 01:18:23.856,140.862,140.851,2.59,2.7
1355,2024-01-02 01:18:23.908,140.86,140.85,1.8,3.15
1356,2024-01-02 01:18:24.212,140.861,140.85,1.8,2.7
1357,2024-01-02 01:18:25.169,140.862,140.85,3.13,2.7
1358,2024-01-02 01:18:27.198,140.862,140.851,2.59,1.8
1359,2024-01-02 01:18:29.162,140.862,140.852,1.8,1.8
1360,2024-01-02 01:18:30.271,140.862,140.851,1.8,2.7
1361,2024-01-02 01:18:33.187,140.862,140.852,1.8,4.5
1362,2024-01-02 01:18:34.048,140.861,140.852,1.8,2.7
1363,2024-01-02 01:18:34.855,140.862,140.852,3.13,2.7
1364,2024-01-02 01:18:35.412,140.862,140.851,2.34,4.5
1365,2024-01-02 01:18:35.968,140.863,140.857,1.2,1.8
1366,2024-01-02 01:18:36.071,140.874,140.865,2.22,2.7
1367,2024-01-02 01:18:36.123,140.875,140.865,1.05,2.7
1368,2024-01-02 01:18:36.278,140.874,140.866,1.8,1.2
1369,2024-01-02 01:18:36.329,140.875,140.866,1.05,1.2
1370,2024-01-02 01:18:36.432,140.875,140.866,2.4,1.2
1371,2024-01-02 01:18:36.534,140.875,140.866,2.34,1.2
1372,2024-01-02 01:18:36.888,140.876,140.866,3.04,1.2
1373,2024-01-02 01:18:37.041,140.877,140.866,2.34,1.2
1374,2024-01-02 01:18:38.004,140.878,140.866,3.72,1.2
1375,2024-01-02 01:18:38.056,140.874,140.865,1.8,1.2
1376,2024-01-02 01:18:38.159,140.878,140.868,2.59,1.8
1377,2024-01-02 01:18:38.314,140.88,140.873,1.8,1.2
1378,2024-01-02 01:18:38.467,140.882,140.873,2.34,1.2
1379,2024-01-02 01:18:38.823,140.882,140.876,1.8,3.6
1380,2024-01-02 01:18:38.926,140.889,140.881,2.1,2.7
1381,2024-01-02 01:18:38.978,140.889,140.882,1.2,1.8
1382,2024-01-02 01:18:39.080,140.89,140.882,1.8,2.7
1383,2024-01-02 01:18:39.436,140.89,140.883,1.8,1.8
1384,2024-01-02 01:18:39.740,140.891,140.887,1.8,1.8
1385,2024-01-02 01:18:39.792,140.895,140.887,1.8,1.8
1386,2024-01-02 01:18:39.894,140.898,140.887,2.22,1.8
1387,2024-01-02 01:18:41.810,140.896,140.886,2.79,1.8
1388,2024-01-02 01:18:41.862,140.893,140.885,2.34,1.8
1389,2024-01-02 01:18:41.914,140.894,140.882,1.8,2.7
1390,2024-01-02 01:18:42.016,140.893,140.884,1.8,2.7
1391,2024-01-02 01:18:42.068,140.895,140.885,1.69,1.8
1392,2024-01-02 01:18:42.120,140.895,140.883,1.44,2.7
1393,2024-01-02 01:18:42.223,140.893,140.883,1.8,2.7
1394,2024-01-02 01:18:42.326,140.893,140.884,1.8,1.2
1395,2024-01-02 01:18:42.429,140.893,140.883,1.8,4.5
1396,2024-01-02 01:18:42.532,140.893,140.882,3.13,2.7
1397,2024-01-02 01:18:42.635,140.896,140.887,1.8,1.8
1398,2024-01-02 01:18:42.687,140.896,140.885,1.8,2.7
1399,2024-01-02 01:18:43.243,140.896,140.886,1.8,2.7
1400,2024-01-02 01:18:43.346,140.896,140.887,2.25,1.8
1401,2024-01-02 01:18:43.448,140.896,140.886,2.25,1.8
1402,2024-01-02 01:18:43.901,140.897,140.884,2.25,1.8
1403,2024-01-02 01:18:47.776,140.894,140.882,4.5,3.6
1404,2024-01-02 01:18:47.879,140.896,140.886,3.6,1.8
1405,2024-01-02 01:18:47.981,140.897,140.884,2.25,1.2
1406,2024-01-02 01:18:50.800,140.893,140.884,1.8,1.8
1407,2024-01-02 01:18:50.852,140.896,140.884,2.1,4.5
1408,2024-01-02 01:18:50.955,140.897,140.883,3.69,3.6
1409,2024-01-02 01:18:51.007,140.894,140.884,1.8,2.7
1410,2024-01-02 01:18:51.110,140.896,140.886,2.25,1.8
1411,2024-01-02 01:18:51.614,140.896,140.885,2.25,3.6
1412,2024-01-02 01:18:53.379,140.892,140.883,1.8,4.5
1413,2024-01-02 01:18:53.482,140.897,140.885,2.34,2.7
1414,2024-01-02 01:18:53.585,140.896,140.885,2.25,1.2
1415,2024-01-02 01:18:53.839,140.895,140.884,1.8,2.7
1416,2024-01-02 01:18:53.941,140.895,140.883,1.8,2.7
1417,2024-01-02 01:18:56.862,140.895,140.884,2.59,1.2
1418,2024-01-02 01:18:56.914,140.895,140.886,1.05,1.8
1419,2024-01-02 01:18:56.966,140.898,140.885,2.23,2.7
1420,2024-01-02 01:18:57.220,140.899,140.885,2.34,1.8
1421,2024-01-02 01:18:57.373,140.896,140.887,1.8,1.8
1422,2024-01-02 01:18:57.425,140.897,140.884,1.8,1.8
1423,2024-01-02 01:18:57.880,140.895,140.884,1.8,2.7
1424,2024-01-02 01:19:02.356,140.895,140.885,1.8,1.8
1425,2024-01-02 01:19:02.863,140.896,140.885,2.25,1.8
1426,2024-01-02 01:19:02.915,140.893,140.884,1.8,1.8
1427,2024-01-02 01:19:02.967,140.895,140.885,1.2,1.8
1428,2024-01-02 01:19:03.019,140.898,140.885,2.34,1.8
1429,2024-01-02 01:19:03.322,140.899,140.884,6.63,1.2
1430,2024-01-02 01:19:03.979,140.898,140.886,2.34,1.8
1431,2024-01-02 01:19:05.040,140.899,140.885,5.13,2.7
1432,2024-01-02 01:19:06.705,140.899,140.887,4.93,1.2
1433,2024-01-02 01:19:06.808,140.902,140.892,2.1,2.7
1434,2024-01-02 01:19:06.910,140.902,140.893,1.8,1.2
1435,2024-01-02 01:19:07.013,140.904,140.893,2.22,2.7
1436,2024-01-02 01:19:10.987,140.904,140.894,1.8,1.2
1437,2024-01-02 01:19:11.493,140.906,140.894,1.44,1.2
1438,2024-01-02 01:19:12.854,140.905,140.892,1.44,3.15
1439,2024-01-02 01:19:12.906,140.903,140.893,1.8,1.8
1440,2024-01-02 01:19:12.958,140.902,140.891,1.8,1.8
1441,2024-01-02 01:19:13.061,140.899,140.889,1.8,4.5
1442,2024-01-02 01:19:13.164,140.898,140.889,1.05,1.2
1443,2024-01-02 01:19:13.267,140.897,140.889,1.8,2.7
1444,2024-01-02 01:19:13.319,140.9,140.89,1.8,1.8
1445,2024-01-02 01:19:13.473,140.902,140.895,1.05,1.2
1446,2024-01-02 01:19:13.525,140.905,140.896,1.8,1.8
1447,2024-01-02 01:19:13.577,140.903,140.893,1.8,2.7
1448,2024-01-02 01:19:13.680,140.905,140.894,1.8,1.8
1449,2024-01-02 01:19:13.783,140.905,140.895,2.59,1.8
1450,2024-01-02 01:19:13.886,140.906,140.892,1.8,4.5
1451,2024-01-02 01:19:13.989,140.904,140.893,1.8,6.3
1452,2024-01-02 01:19:14.041,140.906,140.895,1.8,1.8
1453,2024-01-02 01:19:14.092,140.905,140.893,5.4,2.7
1454,2024-01-02 01:19:14.144,140.904,140.893,2.1,4.5
1455,2024-01-02 01:19:14.247,140.904,140.893,1.8,2.7
1456,2024-01-02 01:19:14.753,140.905,140.893,1.8,2.7
1457,2024-01-02 01:19:15.006,140.907,140.892,3.13,2.7
1458,2024-01-02 01:19:15.158,140.906,140.894,2.34,1.8
1459,2024-01-02 01:19:16.967,140.905,140.895,1.8,1.2
1460,2024-01-02 01:19:17.070,140.905,140.894,1.8,2.7
1461,2024-01-02 01:19:17.374,140.907,140.893,2.34,2.7
1462,2024-01-02 01:19:19.637,140.906,140.895,5.04,1.8
1463,2024-01-02 01:19:19.741,140.902,140.892,2.25,1.2
1464,2024-01-02 01:19:19.844,140.904,140.894,1.2,4.5
1465,2024-01-02 01:19:19.947,140.908,140.895,3.72,1.2
1466,2024-01-02 01:19:20.051,140.905,140.893,1.32,2.7
1467,2024-01-02 01:19:20.154,140.906,140.893,2.34,1.2
1468,2024-01-02 01:19:20.509,140.907,140.893,1.89,1.2
1469,2024-01-02 01:19:20.712,140.907,140.894,1.89,1.8
1470,2024-01-02 01:19:20.865,140.906,140.894,1.8,1.8
1471,2024-01-02 01:19:23.030,140.905,140.894,1.8,1.8
1472,2024-01-02 01:19:23.133,140.904,140.893,2.25,2.7
1473,2024-01-02 01:19:23.235,140.905,140.893,1.8,2.7
1474,2024-01-02 01:19:23.338,140.904,140.893,1.8,2.7
1475,2024-01-02 01:19:23.842,140.905,140.894,2.59,1.8
1476,2024-01-02 01:19:25.153,140.904,140.894,1.8,1.8
1477,2024-01-02 01:19:25.256,140.902,140.891,1.8,4.5
1478,2024-01-02 01:19:25.308,140.901,140.893,1.8,1.2
1479,2024-01-02 01:19:25.360,140.906,140.893,2.79,2.7
1480,2024-01-02 01:19:31.097,140.906,140.893,1.99,2.7
1481,2024-01-02 01:19:31.402,140.906,140.893,3.49,1.2
1482,2024-01-02 01:19:31.505,140.906,140.894,2.25,1.2
1483,2024-01-02 01:19:32.163,140.904,140.893,1.8,1.2
1484,2024-01-02 01:19:32.266,140.906,140.893,2.92,1.2
1485,2024-01-02 01:19:32.369,140.906,140.894,2.68,1.2
1486,2024-01-02 01:19:32.724,140.906,140.893,4.8,2.7
1487,2024-01-02 01:19:32.827,140.906,140.893,2.79,2.7
1488,2024-01-02 01:19:32.930,140.907,140.893,2.34,1.8
1489,2024-01-02 01:19:34.594,140.906,140.895,3.15,1.2
1490,2024-01-02 01:19:35.762,140.906,140.893,3.87,1.8
1491,2024-01-02 01:19:35.864,140.904,140.893,1.8,1.2
1492,2024-01-02 01:19:35.916,140.906,140.893,1.89,1.2
1493,2024-01-02 01:19:37.181,140.906,140.895,1.8,1.2
1494,2024-01-02 01:19:37.233,140.908,140.895,3.24,2.7
1495,2024-01-02 01:19:37.335,140.907,140.894,3.6,1.2
1496,2024-01-02 01:19:38.143,140.904,140.891,1.8,1.2
1497,2024-01-02 01:19:38.268,140.906,140.892,2.59,1.8
1498,2024-01-02 01:19:39.227,140.906,140.893,2.34,1.2
1499,2024-01-02 01:19:40.289,140.906,140.892,2.34,1.8
1500,2024-01-02 01:19:40.341,140.904,140.891,2.55,1.2
1501,2024-01-02 01:19:40.444,140.895,140.888,1.2,3.6
1502,2024-01-02 01:19:40.547,140.895,140.884,1.8,1.8
1503,2024-01-02 01:19:40.650,140.894,140.881,1.8,4.5
1504,2024-01-02 01:19:40.703,140.895,140.883,3.5,1.8
1505,2024-01-02 01:19:40.857,140.894,140.882,1.2,2.7
1506,2024-01-02 01:19:41.012,140.895,140.882,2.7,2.7
1507,2024-01-02 01:19:41.115,140.895,140.883,2.7,1.8
1508,2024-01-02 01:19:41.420,140.895,140.883,2.74,1.8
1509,2024-01-02 01:19:41.523,140.895,140.883,2.7,1.8
1510,2024-01-02 01:19:41.727,140.895,140.882,1.8,1.8
1511,2024-01-02 01:19:42.031,140.896,140.882,3.24,1.8
1512,2024-01-02 01:19:42.133,140.895,140.882,1.2,2.7
1513,2024-01-02 01:19:42.588,140.895,140.883,2.7,1.8
1514,2024-01-02 01:19:43.547,140.894,140.881,1.8,4.5
1515,2024-01-02 01:19:43.650,140.896,140.884,3.15,1.2
1516,2024-01-02 01:19:43.903,140.895,140.883,1.2,1.2
1517,2024-01-02 01:19:44.005,140.896,140.883,2.7,1.8
1518,2024-01-02 01:19:44.260,140.895,140.883,2.7,2.7
1519,2024-01-02 01:19:46.273,140.895,140.884,2.7,1.2
1520,2024-01-02 01:19:48.590,140.896,140.884,2.7,1.8
1521,2024-01-02 01:19:48.792,140.895,140.884,1.2,1.8
1522,2024-01-02 01:19:58.743,140.895,140.882,1.8,4.5
1523,2024-01-02 01:19:59.097,140.896,140.882,2.7,2.7
1524,2024-01-02 01:19:59.250,140.895,140.882,3.69,2.7
1525,2024-01-02 01:19:59.353,140.895,140.883,2.7,1.8
1526,2024-01-02 01:20:00.318,140.895,140.882,1.2,1.8
1527,2024-01-02 01:20:00.421,140.894,140.881,1.2,4.5
1528,2024-01-02 01:20:00.524,140.896,140.881,2.7,1.8
1529,2024-01-02 01:20:00.728,140.895,140.883,2.7,1.8
1530,2024-01-02 01:20:04.303,140.895,140.88,1.2,4.95
1531,2024-01-02 01:20:04.355,140.893,140.881,1.84,1.8
1532,2024-01-02 01:20:04.459,140.885,140.878,1.2,2.25
1533,2024-01-02 01:20:04.511,140.884,140.875,1.2,1.8
1534,2024-01-02 01:20:04.563,140.881,140.875,2.22,1.8
1535,2024-01-02 01:20:04.615,140.88,140.87,3.6,2.7
1536,2024-01-02 01:20:04.718,140.884,140.869,5.94,2.7
1537,2024-01-02 01:20:04.820,140.88,140.87,1.8,2.7
1538,2024-01-02 01:20:05.175,140.881,140.87,1.2,1.2
1539,2024-01-02 01:20:05.227,140.879,140.867,1.8,2.25
1540,2024-01-02 01:20:05.330,140.879,140.866,1.8,3.6
1541,2024-01-02 01:20:05.532,140.88,140.866,2.7,1.2
1542,2024-01-02 01:20:06.514,140.88,140.867,2.7,1.2
1543,2024-01-02 01:20:10.708,140.88,140.868,3.24,1.8
1544,2024-01-02 01:20:11.163,140.88,140.867,3.24,1.2
1545,2024-01-02 01:20:11.518,140.874,140.865,1.72,2.1
1546,2024-01-02 01:20:11.570,140.876,140.864,1.8,1.8
1547,2024-01-02 01:20:11.673,140.876,140.862,1.89,2.25
1548,2024-01-02 01:20:11.776,140.875,140.862,1.32,2.25
1549,2024-01-02 01:20:11.879,140.877,140.862,1.8,3.15
1550,2024-01-02 01:20:12.185,140.879,140.864,1.99,1.2
1551,2024-01-02 01:20:12.541,140.879,140.863,1.99,1.2
1552,2024-01-02 01:20:12.845,140.878,140.861,2.97,1.8
1553,2024-01-02 01:20:12.897,140.879,140.863,4.84,1.2
1554,2024-01-02 01:20:12.999,140.876,140.862,1.44,2.7
1555,2024-01-02 01:20:13.103,140.875,140.862,1.8,3.15
1556,2024-01-02 01:20:13.154,140.877,140.862,3.24,3.15
1557,2024-01-02 01:20:13.307,140.877,140.862,3.3,3.15
1558,2024-01-02 01:20:13.459,140.877,140.863,3.3,1.8
1559,2024-01-02 01:20:14.218,140.876,140.862,3.15,3.15
1560,2024-01-02 01:20:14.725,140.878,140.865,1.8,1.2
1561,2024-01-02 01:20:14.828,140.879,140.868,2.7,1.2
1562,2024-01-02 01:20:14.930,140.879,140.869,1.8,1.2
1563,2024-01-02 01:20:14.982,140.881,140.869,3.6,1.2
1564,2024-01-02 01:20:15.084,140.88,140.869,1.8,1.2
1565,2024-01-02 01:20:15.186,140.881,140.869,4.5,1.2
1566,2024-01-02 01:20:15.338,140.88,140.869,1.8,3.15
1567,2024-01-02 01:20:15.997,140.881,140.869,1.8,3.15
1568,2024-01-02 01:20:16.099,140.881,140.868,1.8,3.15
1569,2024-01-02 01:20:16.253,140.881,140.869,1.8,1.2
1570,2024-01-02 01:20:16.608,140.879,140.869,1.2,1.2
1571,2024-01-02 01:20:17.617,140.88,140.872,1.2,2.7
1572,2024-01-02 01:20:17.720,140.886,140.871,1.8,1.8
1573,2024-01-02 01:20:17.874,140.886,140.872,3.69,2.7
1574,2024-01-02 01:20:19.690,140.885,140.872,1.2,1.8
1575,2024-01-02 01:20:20.044,140.885,140.871,1.7,2.7
1576,2024-01-02 01:20:20.148,140.885,140.872,1.8,1.2
1577,2024-01-02 01:20:20.251,140.885,140.87,1.07,2.7
1578,2024-01-02 01:20:20.354,140.885,140.871,2.7,3.15
1579,2024-01-02 01:20:20.708,140.885,140.872,1.8,1.8
1580,2024-01-02 01:20:21.773,140.886,140.874,1.34,1.2
1581,2024-01-02 01:20:21.825,140.886,140.872,6.74,3.15
1582,2024-01-02 01:20:21.978,140.884,140.872,1.2,3.15
1583,2024-01-02 01:20:22.080,140.885,140.872,1.2,2.25
1584,2024-01-02 01:20:22.334,140.885,140.871,2.7,2.7
1585,2024-01-02 01:20:23.040,140.885,140.872,1.07,1.8
1586,2024-01-02 01:20:23.951,140.886,140.871,5.39,2.7
1587,2024-01-02 01:20:24.054,140.885,140.871,1.34,2.7
1588,2024-01-02 01:20:24.659,140.885,140.872,2.6,1.8
1589,2024-01-02 01:20:25.163,140.886,140.872,1.79,1.8
1590,2024-01-02 01:20:26.472,140.886,140.871,5.39,3.15
1591,2024-01-02 01:20:26.574,140.884,140.871,1.07,3.15
1592,2024-01-02 01:20:27.281,140.885,140.871,2.6,2.7
1593,2024-01-02 01:20:27.789,140.886,140.872,3.69,1.8
1594,2024-01-02 01:20:28.664,140.885,140.872,1.2,1.8
1595,2024-01-02 01:20:29.269,140.886,140.872,3.24,1.8
1596,2024-01-02 01:20:29.371,140.885,140.872,1.07,1.8
1597,2024-01-02 01:20:30.227,140.885,140.871,2.6,3.15
1598,2024-01-02 01:20:32.397,140.884,140.871,3.5,2.25
1599,2024-01-02 01:20:32.751,140.885,140.871,4.04,2.25
1600,2024-01-02 01:20:34.866,140.886,140.873,1.35,2.25
1601,2024-01-02 01:20:35.173,140.886,140.874,1.2,1.8
1602,2024-01-02 01:20:35.276,140.886,140.873,1.2,1.8
1603,2024-01-02 01:20:35.682,140.886,140.873,3.72,1.8
1604,2024-01-02 01:20:35.784,140.886,140.873,1.8,1.8
1605,2024-01-02 01:20:36.039,140.885,140.872,1.32,1.8
1606,2024-01-02 01:20:36.343,140.885,140.871,1.89,2.7
1607,2024-01-02 01:20:36.596,140.886,140.872,3.24,1.8
1608,2024-01-02 01:20:37.103,140.886,140.873,2.7,1.8
1609,2024-01-02 01:20:40.984,140.886,140.875,1.2,1.8
1610,2024-01-02 01:20:41.992,140.886,140.874,1.2,1.8
1611,2024-01-02 01:20:43.301,140.885,140.873,1.2,1.8
1612,2024-01-02 01:20:43.404,140.886,140.872,3.6,2.7
1613,2024-01-02 01:20:44.666,140.886,140.872,2.97,3.15
1614,2024-01-02 01:20:44.769,140.886,140.872,3.24,2.25
1615,2024-01-02 01:20:44.974,140.886,140.873,2.7,1.2
1616,2024-01-02 01:20:45.128,140.884,140.871,1.8,2.7
1617,2024-01-02 01:20:45.180,140.886,140.872,2.7,2.7
1618,2024-01-02 01:20:45.738,140.886,140.873,2.7,1.8
1619,2024-01-02 01:20:46.699,140.889,140.881,2.7,1.2
1620,2024-01-02 01:20:46.802,140.895,140.882,1.8,2.7
1621,2024-01-02 01:20:46.904,140.897,140.882,3.72,2.7
1622,2024-01-02 01:20:47.007,140.895,140.881,2.6,3.15
1623,2024-01-02 01:20:47.110,140.896,140.883,1.8,1.8
1624,2024-01-02 01:20:47.415,140.897,140.882,2.34,2.25
1625,2024-01-02 01:20:47.820,140.897,140.883,7.74,1.2
1626,2024-01-02 01:20:47.922,140.897,140.882,1.8,2.7
1627,2024-01-02 01:20:48.076,140.895,140.881,2.34,1.2
1628,2024-01-02 01:20:48.179,140.897,140.882,5.04,2.25
1629,2024-01-02 01:20:49.241,140.896,140.881,2.22,3.15
1630,2024-01-02 01:20:49.344,140.896,140.882,4.47,2.25
1631,2024-01-02 01:20:49.648,140.895,140.881,3.14,3.15
1632,2024-01-02 01:20:50.308,140.894,140.881,1.07,1.2
1633,2024-01-02 01:20:52.574,140.894,140.882,1.07,2.25
1634,2024-01-02 01:20:54.086,140.894,140.881,1.8,1.2
1635,2024-01-02 01:20:55.245,140.895,140.881,1.07,1.2
1636,2024-01-02 01:20:55.347,140.895,140.882,1.07,1.8
1637,2024-01-02 01:20:55.802,140.896,140.882,3.59,1.8
1638,2024-01-02 01:20:55.904,140.895,140.882,1.2,1.8
1639,2024-01-02 01:20:57.270,140.894,140.881,1.07,3.15
1640,2024-01-02 01:20:58.330,140.894,140.882,1.07,1.2
1641,2024-01-02 01:20:58.382,140.897,140.882,3.24,1.2
1642,2024-01-02 01:20:58.786,140.897,140.883,2.34,1.8
1643,2024-01-02 01:20:59.241,140.897,140.882,2.34,3.15
1644,2024-01-02 01:20:59.344,140.898,140.881,6.72,4.95
1645,2024-01-02 01:20:59.396,140.894,140.881,1.8,3.15
1646,2024-01-02 01:20:59.447,140.896,140.882,3.24,2.25
1647,2024-01-02 01:20:59.499,140.895,140.88,1.8,1.2
1648,2024-01-02 01:20:59.551,140.896,140.882,1.32,2.25
1649,2024-01-02 01:21:00.061,140.896,140.881,3.59,2.7
1650,2024-01-02 01:21:00.214,140.895,140.881,1.07,2.7
1651,2024-01-02 01:21:00.668,140.894,140.881,1.8,2.7
1652,2024-01-02 01:21:01.624,140.895,140.881,2.6,2.7
1653,2024-01-02 01:21:02.129,140.895,140.882,1.8,1.8
1654,2024-01-02 01:21:02.180,140.897,140.882,3.14,2.7
1655,2024-01-02 01:21:02.333,140.896,140.882,1.2,2.7
1656,2024-01-02 01:21:03.094,140.898,140.882,4.47,2.7
1657,2024-01-02 01:21:03.197,140.894,140.882,1.8,1.8
1658,2024-01-02 01:21:04.157,140.896,140.882,2.79,2.25
1659,2024-01-02 01:21:05.369,140.896,140.883,2.7,1.2
1660,2024-01-02 01:21:06.985,140.898,140.882,5.04,1.2
1661,2024-01-02 01:21:07.995,140.897,140.882,1.72,3.15
1662,2024-01-02 01:21:08.505,140.897,140.882,1.44,3.15
1663,2024-01-02 01:21:09.061,140.896,140.882,1.2,3.15
1664,2024-01-02 01:21:09.215,140.896,140.881,3.24,3.15
1665,2024-01-02 01:21:09.317,140.896,140.882,3.24,2.25
1666,2024-01-02 01:21:09.675,140.898,140.886,3.14,2.7
1667,2024-01-02 01:21:09.727,140.895,140.881,2.34,3.15
1668,2024-01-02 01:21:09.830,140.895,140.882,5.04,2.25
1669,2024-01-02 01:21:10.135,140.895,140.881,2.34,3.15
1670,2024-01-02 01:21:13.254,140.896,140.882,3.26,1.8
1671,2024-01-02 01:21:13.960,140.896,140.881,3.04,3.15
1672,2024-01-02 01:21:14.062,140.894,140.881,1.8,3.15
1673,2024-01-02 01:21:14.216,140.897,140.88,2.79,3.15
1674,2024-01-02 01:21:14.319,140.894,140.881,1.8,1.2
1675,2024-01-02 01:21:14.421,140.896,140.881,2.79,2.7
1676,2024-01-02 01:21:15.433,140.896,140.881,1.24,3.15
1677,2024-01-02 01:21:15.536,140.896,140.881,1.32,3.15
1678,2024-01-02 01:21:16.144,140.896,140.882,2.7,1.8
1679,2024-01-02 01:21:16.450,140.897,140.882,7.29,1.8
1680,2024-01-02 01:21:16.502,140.897,140.881,1.99,1.8
1681,2024-01-02 01:21:16.604,140.896,140.882,1.89,1.8
1682,2024-01-02 01:21:27.737,140.897,140.881,1.99,3.15
1683,2024-01-02 01:21:27.991,140.896,140.881,3.0,3.15
1684,2024-01-02 01:21:28.647,140.896,140.881,4.0,3.15
1685,2024-01-02 01:21:28.750,140.897,140.881,2.79,1.8
1686,2024-01-02 01:21:31.517,140.896,140.883,1.8,1.2
1687,2024-01-02 01:21:31.670,140.897,140.883,2.79,3.15
1688,2024-01-02 01:21:35.291,140.897,140.884,3.69,2.25
1689,2024-01-02 01:21:35.395,140.897,140.883,5.49,1.2
1690,2024-01-02 01:21:35.802,140.896,140.883,1.35,1.2
1691,2024-01-02 01:21:36.261,140.898,140.882,2.79,1.8
1692,2024-01-02 01:21:36.514,140.897,140.882,2.79,3.15
1693,2024-01-02 01:21:38.233,140.897,140.882,2.17,3.15
1694,2024-01-02 01:21:38.691,140.897,140.883,3.3,1.2
1695,2024-01-02 01:21:38.944,140.897,140.882,5.55,1.2
1696,2024-01-02 01:21:45.412,140.892,140.882,2.97,1.2
1697,2024-01-02 01:21:45.516,140.885,140.879,1.72,1.8
1698,2024-01-02 01:21:45.618,140.883,140.871,1.8,2.7
1699,2024-01-02 01:21:45.872,140.884,140.872,1.01,1.2
1700,2024-01-02 01:21:45.975,140.885,140.872,1.8,3.15
1701,2024-01-02 01:21:46.077,140.887,140.872,2.97,3.15
1702,2024-01-02 01:21:48.754,140.885,140.872,1.2,1.2
1703,2024-01-02 01:21:56.047,140.889,140.877,4.0,1.2
1704,2024-01-02 01:21:56.150,140.89,140.879,1.2,3.15
1705,2024-01-02 01:21:56.252,140.891,140.881,1.8,1.2
1706,2024-01-02 01:21:56.455,140.893,140.881,1.99,1.2
1707,2024-01-02 01:22:00.884,140.894,140.881,4.25,1.2
1708,2024-01-02 01:22:00.987,140.895,140.881,1.01,1.2
1709,2024-01-02 01:22:01.039,140.896,140.882,6.84,1.2
1710,2024-01-02 01:22:01.141,140.896,140.881,4.47,2.7
1711,2024-01-02 01:22:01.448,140.895,140.882,1.3,2.25
1712,2024-01-02 01:22:01.551,140.896,140.882,2.59,2.25
1713,2024-01-02 01:22:01.602,140.896,140.882,3.69,2.25
1714,2024-01-02 01:22:02.918,140.896,140.882,2.59,2.25
1715,2024-01-02 01:22:03.021,140.897,140.88,3.23,2.25
1716,2024-01-02 01:22:03.274,140.896,140.882,2.59,1.8
1717,2024-01-02 01:22:06.246,140.896,140.882,2.34,1.8
1718,2024-01-02 01:22:06.605,140.897,140.883,5.97,1.8
1719,2024-01-02 01:22:07.415,140.897,140.884,5.22,1.8
1720,2024-01-02 01:22:08.631,140.896,140.882,2.22,4.05
1721,2024-01-02 01:22:08.734,140.895,140.882,1.8,2.25
1722,2024-01-02 01:22:09.038,140.896,140.881,2.79,3.15
1723,2024-01-02 01:22:09.192,140.896,140.881,2.97,3.15
1724,2024-01-02 01:22:09.295,140.896,140.881,2.79,3.15
1725,2024-01-02 01:22:10.807,140.897,140.88,2.59,3.15
1726,2024-01-02 01:22:16.388,140.896,140.881,3.55,3.15
1727,2024-01-02 01:22:18.763,140.896,140.881,1.22,3.15
1728,2024-01-02 01:22:18.916,140.896,140.881,1.32,3.15
1729,2024-01-02 01:22:19.525,140.897,140.883,3.24,1.2
1730,2024-01-02 01:22:19.627,140.897,140.882,5.94,2.7
1731,2024-01-02 01:22:19.729,140.898,140.887,2.7,1.2
1732,2024-01-02 01:22:19.833,140.901,140.89,1.2,1.8
1733,2024-01-02 01:22:19.935,140.904,140.89,2.12,1.8
1734,2024-01-02 01:22:20.037,140.904,140.891,2.12,2.25
1735,2024-01-02 01:22:20.140,140.904,140.894,1.8,1.2
1736,2024-01-02 01:22:20.243,140.907,140.897,2.25,3.15
1737,2024-01-02 01:22:20.345,140.909,140.897,4.14,3.15
1738,2024-01-02 01:22:21.459,140.909,140.897,3.72,2.7
1739,2024-01-02 01:22:21.662,140.909,140.897,4.14,1.2
1740,2024-01-02 01:22:23.526,140.908,140.897,5.22,2.7
1741,2024-01-02 01:22:23.578,140.889,140.885,1.8,1.2
1742,2024-01-02 01:22:23.631,140.889,140.883,2.7,1.2
1743,2024-01-02 01:22:23.734,140.889,140.879,2.7,1.2
1744,2024-01-02 01:22:23.837,140.89,140.879,2.7,3.15
1745,2024-01-02 01:22:24.041,140.89,140.88,1.2,2.25
1746,2024-01-02 01:22:24.193,140.891,140.88,2.79,2.25
1747,2024-01-02 01:22:24.901,140.891,140.879,2.79,3.15
1748,2024-01-02 01:22:25.004,140.89,140.879,1.2,3.15
1749,2024-01-02 01:22:25.106,140.89,140.88,1.8,2.25
1750,2024-01-02 01:22:25.561,140.891,140.88,2.79,1.8
1751,2024-01-02 01:22:25.967,140.891,140.879,3.69,2.7
1752,2024-01-02 01:22:26.069,140.89,140.879,1.2,2.7
1753,2024-01-02 01:22:26.171,140.891,140.88,2.79,2.25
1754,2024-01-02 01:22:27.028,140.892,140.878,2.79,2.7
1755,2024-01-02 01:22:27.132,140.89,140.88,1.2,2.25
1756,2024-01-02 01:22:27.284,140.891,140.88,2.79,2.25
1757,2024-01-02 01:22:28.039,140.892,140.878,2.79,2.7
1758,2024-01-02 01:22:28.141,140.89,140.879,1.2,2.7
1759,2024-01-02 01:22:28.294,140.891,140.88,2.79,2.25
1760,2024-01-02 01:22:29.100,140.892,140.878,2.79,3.15
1761,2024-01-02 01:22:29.202,140.89,140.88,1.2,2.25
1762,2024-01-02 01:22:29.355,140.891,140.88,2.79,2.25
1763,2024-01-02 01:22:29.758,140.89,140.88,1.8,2.25
1764,2024-01-02 01:22:30.062,140.892,140.879,2.79,2.25
1765,2024-01-02 01:22:30.971,140.89,140.88,1.2,1.8
1766,2024-01-02 01:22:31.478,140.893,140.881,1.35,2.7
1767,2024-01-02 01:22:31.582,140.896,140.884,2.7,3.15
1768,2024-01-02 01:22:36.062,140.895,140.884,1.2,3.15
1769,2024-01-02 01:22:36.566,140.895,140.886,1.2,1.2
1770,2024-01-02 01:22:36.669,140.896,140.885,1.2,3.15
1771,2024-01-02 01:22:36.772,140.894,140.89,1.2,1.2
1772,2024-01-02 01:22:36.875,140.9,140.891,1.2,1.8
1773,2024-01-02 01:22:36.976,140.903,140.89,4.14,1.8
1774,2024-01-02 01:22:37.332,140.9,140.89,1.8,3.15
1775,2024-01-02 01:22:37.484,140.898,140.89,1.2,3.15
1776,2024-01-02 01:22:40.561,140.898,140.889,1.8,1.8
1777,2024-01-02 01:22:40.663,140.896,140.887,1.2,4.5
1778,2024-01-02 01:22:41.319,140.897,140.884,1.2,5.4
1779,2024-01-02 01:22:41.371,140.894,140.885,1.2,3.6
1780,2024-01-02 01:22:41.490,140.893,140.885,1.2,1.8
1781,2024-01-02 01:22:41.592,140.893,140.884,1.2,1.2
1782,2024-01-02 01:22:41.695,140.892,140.883,1.2,3.15
1783,2024-01-02 01:22:42.200,140.893,140.883,1.2,3.15
1784,2024-01-02 01:22:44.818,140.892,140.883,1.2,2.7
1785,2024-01-02 01:22:45.324,140.893,140.883,1.2,2.7
1786,2024-01-02 01:22:49.797,140.893,140.885,1.2,1.8
1787,2024-01-02 01:22:50.102,140.893,140.883,1.2,4.95
1788,2024-01-02 01:22:53.525,140.893,140.884,1.2,1.8
1789,2024-01-02 01:22:53.627,140.894,140.884,1.2,1.8
1790,2024-01-02 01:22:54.335,140.894,140.883,1.2,3.15
1791,2024-01-02 01:22:54.589,140.895,140.883,1.8,3.15
1792,2024-01-02 01:22:57.406,140.894,140.883,1.2,3.15
1793,2024-01-02 01:22:58.971,140.893,140.883,1.2,2.7
1794,2024-01-02 01:23:00.731,140.893,140.884,1.2,1.8
1795,2024-01-02 01:23:00.783,140.895,140.892,1.2,2.7
1796,2024-01-02 01:23:00.835,140.9,140.892,1.2,2.7
1797,2024-01-02 01:23:00.937,140.901,140.892,1.2,2.7
1798,2024-01-02 01:23:00.989,140.9,140.89,2.7,6.3
1799,2024-01-02 01:23:02.558,140.897,140.888,1.2,3.6
1800,2024-01-02 01:23:02.815,140.897,140.887,1.2,3.15
1801,2024-01-02 01:23:02.919,140.896,140.886,2.7,1.8
1802,2024-01-02 01:23:02.971,140.896,140.884,3.6,2.25
1803,2024-01-02 01:23:03.328,140.896,140.882,1.2,2.25
1804,2024-01-02 01:23:03.584,140.895,140.884,1.2,2.25
1805,2024-01-02 01:23:03.942,140.895,140.883,1.2,1.8
1806,2024-01-02 01:23:04.096,140.895,140.884,1.2,1.8
1807,2024-01-02 01:23:05.660,140.895,140.883,1.8,1.8
1808,2024-01-02 01:23:06.619,140.896,140.883,1.8,1.8
1809,2024-01-02 01:23:07.023,140.895,140.883,1.8,2.25
1810,2024-01-02 01:23:07.426,140.894,140.883,1.2,2.25
1811,2024-01-02 01:23:08.133,140.894,140.884,1.2,1.8
1812,2024-01-02 01:23:09.643,140.894,140.883,1.2,2.25
1813,2024-01-02 01:23:10.046,140.894,140.884,1.2,2.25
1814,2024-01-02 01:23:10.149,140.895,140.884,1.8,3.15
1815,2024-01-02 01:23:10.403,140.895,140.891,1.2,2.7
1816,2024-01-02 01:23:10.455,140.901,140.893,1.35,2.25
1817,2024-01-02 01:23:10.558,140.903,140.894,1.2,2.7
1818,2024-01-02 01:23:10.660,140.905,140.894,1.8,2.7
1819,2024-01-02 01:23:10.913,140.905,140.895,1.8,1.8
1820,2024-01-02 01:23:11.672,140.903,140.895,1.2,1.8
1821,2024-01-02 01:23:11.724,140.903,140.893,1.2,4.5
1822,2024-01-02 01:23:11.776,140.905,140.893,1.8,2.7
1823,2024-01-02 01:23:12.942,140.905,140.894,1.2,1.8
1824,2024-01-02 01:23:13.346,140.905,140.893,1.2,1.8
1825,2024-01-02 01:23:14.457,140.904,140.892,1.2,1.8
1826,2024-01-02 01:23:15.466,140.902,140.893,1.2,1.8
1827,2024-01-02 01:23:17.280,140.904,140.892,1.2,1.8
1828,2024-01-02 01:23:23.827,140.902,140.893,1.2,1.8
1829,2024-01-02 01:23:25.040,140.903,140.893,1.2,1.8
1830,2024-01-02 01:23:27.457,140.903,140.894,1.2,1.2
1831,2024-01-02 01:23:27.559,140.904,140.894,1.8,1.2
1832,2024-01-02 01:23:27.763,140.904,140.895,1.8,1.8
1833,2024-01-02 01:23:28.270,140.904,140.894,1.8,2.7
1834,2024-01-02 01:23:28.524,140.903,140.894,1.2,2.7
1835,2024-01-02 01:23:30.689,140.904,140.894,1.8,2.7
1836,2024-01-02 01:23:30.941,140.904,140.895,1.8,1.8
1837,2024-01-02 01:23:31.195,140.904,140.894,1.2,1.8
1838,2024-01-02 01:23:34.816,140.902,140.893,1.2,3.6
1839,2024-01-02 01:23:34.919,140.901,140.893,1.2,3.6
1840,2024-01-02 01:23:35.121,140.902,140.893,1.2,1.8
1841,2024-01-02 01:23:35.374,140.903,140.893,1.2,1.8
1842,2024-01-02 01:23:37.698,140.903,140.894,1.2,1.8
1843,2024-01-02 01:23:40.721,140.905,140.893,1.2,1.8
1844,2024-01-02 01:23:41.177,140.904,140.895,1.2,1.8
1845,2024-01-02 01:23:41.532,140.904,140.894,1.8,1.8
1846,2024-01-02 01:23:43.094,140.905,140.894,1.8,1.8
1847,2024-01-02 01:23:46.064,140.904,140.894,1.8,1.8
1848,2024-01-02 01:23:46.368,140.904,140.895,1.8,1.8
1849,2024-01-02 01:23:46.871,140.904,140.894,1.8,1.8
1850,2024-01-02 01:23:47.578,140.904,140.897,1.2,1.8
1851,2024-01-02 01:23:47.630,140.906,140.897,1.8,2.7
1852,2024-01-02 01:23:48.035,140.906,140.898,1.8,1.8
1853,2024-01-02 01:23:49.847,140.906,140.897,1.8,2.7
1854,2024-01-02 01:23:53.820,140.907,140.897,1.8,1.8
1855,2024-01-02 01:23:56.386,140.901,140.896,1.2,1.8
1856,2024-01-02 01:23:56.438,140.903,140.896,1.2,1.8
1857,2024-01-02 01:23:56.490,140.902,140.893,1.2,1.8
1858,2024-01-02 01:23:56.592,140.903,140.893,1.8,1.8
1859,2024-01-02 01:23:57.098,140.902,140.893,1.2,1.8
1860,2024-01-02 01:23:57.804,140.903,140.893,1.8,1.8
1861,2024-01-02 01:24:07.914,140.903,140.892,1.2,2.7
1862,2024-01-02 01:24:07.965,140.903,140.894,1.2,1.2
1863,2024-01-02 01:24:08.017,140.903,140.892,1.2,2.7
1864,2024-01-02 01:24:08.471,140.903,140.893,1.2,1.8
1865,2024-01-02 01:24:11.088,140.903,140.894,1.2,1.2
1866,2024-01-02 01:24:11.394,140.903,140.895,1.2,1.8
1867,2024-01-02 01:24:11.496,140.904,140.895,1.2,1.8
1868,2024-01-02 01:24:11.599,140.904,140.893,1.2,3.6
1869,2024-01-02 01:24:13.059,140.903,140.893,1.2,1.8
1870,2024-01-02 01:24:14.368,140.904,140.893,1.2,1.8
1871,2024-01-02 01:24:21.454,140.903,140.893,1.2,1.8
1872,2024-01-02 01:24:28.096,140.903,140.895,1.2,1.8
1873,2024-01-02 01:24:28.401,140.905,140.895,1.8,1.8
1874,2024-01-02 01:24:29.158,140.905,140.894,1.8,1.8
1875,2024-01-02 01:24:29.461,140.905,140.895,1.8,1.2
1876,2024-01-02 01:24:29.612,140.904,140.895,1.2,1.2
1877,2024-01-02 01:24:29.915,140.904,140.896,1.2,1.8
1878,2024-01-02 01:24:30.925,140.904,140.895,1.2,1.8
1879,2024-01-02 01:24:31.379,140.905,140.895,1.8,1.8
1880,2024-01-02 01:24:33.643,140.905,140.894,1.8,2.25
1881,2024-01-02 01:24:34.150,140.904,140.894,1.2,2.25
1882,2024-01-02 01:24:34.252,140.904,140.893,1.2,1.8
1883,2024-01-02 01:24:34.657,140.904,140.892,1.2,2.7
1884,2024-01-02 01:24:37.025,140.902,140.893,1.2,1.8
1885,2024-01-02 01:24:37.129,140.901,140.893,1.2,1.8
1886,2024-01-02 01:24:37.233,140.901,140.892,1.2,1.8
1887,2024-01-02 01:24:38.343,140.901,140.893,1.2,1.8
1888,2024-01-02 01:24:38.445,140.902,140.893,1.2,1.8
1889,2024-01-02 01:24:39.555,140.902,140.892,1.8,1.8
1890,2024-01-02 01:24:39.658,140.902,140.893,1.2,2.25
1891,2024-01-02 01:24:39.709,140.903,140.894,1.2,1.2
1892,2024-01-02 01:24:39.813,140.904,140.899,1.2,1.8
1893,2024-01-02 01:24:39.864,140.906,140.899,1.8,1.8
1894,2024-01-02 01:24:40.773,140.906,140.898,1.2,2.25
1895,2024-01-02 01:24:41.732,140.908,140.899,1.2,1.8
1896,2024-01-02 01:24:41.835,140.907,140.899,1.2,1.8
1897,2024-01-02 01:24:41.937,140.908,140.899,1.8,1.8
1898,2024-01-02 01:24:42.492,140.907,140.897,1.2,4.5
1899,2024-01-02 01:24:42.593,140.906,140.897,1.2,4.5
1900,2024-01-02 01:24:43.149,140.906,140.898,1.2,1.8
1901,2024-01-02 01:24:43.452,140.905,140.898,1.2,1.8
1902,2024-01-02 01:24:43.554,140.905,140.897,1.2,2.25
